%YAML 1.1
%TAG !u! tag:unity3d.com,2011:
--- !u!1 &908375594663259046
GameObject:
  m_ObjectHideFlags: 0
  m_CorrespondingSourceObject: {fileID: 0}
  m_PrefabInstance: {fileID: 0}
  m_PrefabAsset: {fileID: 0}
  serializedVersion: 6
  m_Component:
  - component: {fileID: 2107807335975634150}
  - component: {fileID: 7967496900937608920}
  m_Layer: 6
  m_Name: WallLDoor
  m_TagString: Untagged
  m_Icon: {fileID: 0}
  m_NavMeshLayer: 0
  m_StaticEditorFlags: 0
  m_IsActive: 1
--- !u!4 &2107807335975634150
Transform:
  m_ObjectHideFlags: 0
  m_CorrespondingSourceObject: {fileID: 0}
  m_PrefabInstance: {fileID: 0}
  m_PrefabAsset: {fileID: 0}
  m_GameObject: {fileID: 908375594663259046}
  m_LocalRotation: {x: -0, y: -0, z: -1, w: 0.000000104308114}
  m_LocalPosition: {x: 0, y: 0, z: 0}
  m_LocalScale: {x: 1, y: 1, z: 1}
  m_Children: []
  m_Father: {fileID: 5877480007206373900}
  m_RootOrder: 1
  m_LocalEulerAnglesHint: {x: 0, y: 0, z: -180}
--- !u!61 &7967496900937608920
BoxCollider2D:
  m_ObjectHideFlags: 0
  m_CorrespondingSourceObject: {fileID: 0}
  m_PrefabInstance: {fileID: 0}
  m_PrefabAsset: {fileID: 0}
  m_GameObject: {fileID: 908375594663259046}
  m_Enabled: 1
  m_Density: 1
  m_Material: {fileID: 0}
  m_IsTrigger: 0
  m_UsedByEffector: 0
  m_UsedByComposite: 0
  m_Offset: {x: 4.776335, y: 0.0036633015}
  m_SpriteTilingProperty:
    border: {x: 0, y: 0, z: 0, w: 0}
    pivot: {x: 0, y: 0}
    oldSize: {x: 0, y: 0}
    newSize: {x: 0, y: 0}
    adaptiveTilingThreshold: 0
    drawMode: 0
    adaptiveTiling: 0
  m_AutoTiling: 0
  serializedVersion: 2
  m_Size: {x: 1.2437668, y: 10.809061}
  m_EdgeRadius: 0
--- !u!1 &1155945621101757076
GameObject:
  m_ObjectHideFlags: 0
  m_CorrespondingSourceObject: {fileID: 0}
  m_PrefabInstance: {fileID: 0}
  m_PrefabAsset: {fileID: 0}
  serializedVersion: 6
  m_Component:
  - component: {fileID: 5014912171192445329}
  m_Layer: 0
  m_Name: SpotR
  m_TagString: Untagged
  m_Icon: {fileID: 7866945982896999795, guid: 0000000000000000d000000000000000, type: 0}
  m_NavMeshLayer: 0
  m_StaticEditorFlags: 0
  m_IsActive: 1
--- !u!4 &5014912171192445329
Transform:
  m_ObjectHideFlags: 0
  m_CorrespondingSourceObject: {fileID: 0}
  m_PrefabInstance: {fileID: 0}
  m_PrefabAsset: {fileID: 0}
  m_GameObject: {fileID: 1155945621101757076}
  m_LocalRotation: {x: 0, y: 0, z: 0, w: 1}
  m_LocalPosition: {x: 3.95, y: 0, z: 0}
  m_LocalScale: {x: 1, y: 1, z: 1}
  m_Children: []
  m_Father: {fileID: 9199733459657650940}
  m_RootOrder: 2
  m_LocalEulerAnglesHint: {x: 0, y: 0, z: 0}
--- !u!1 &1645364788345715821
GameObject:
  m_ObjectHideFlags: 0
  m_CorrespondingSourceObject: {fileID: 0}
  m_PrefabInstance: {fileID: 0}
  m_PrefabAsset: {fileID: 0}
  serializedVersion: 6
  m_Component:
  - component: {fileID: 9069747427361695272}
  - component: {fileID: 8075829450611031330}
  m_Layer: 0
  m_Name: Deco5
  m_TagString: Untagged
  m_Icon: {fileID: 0}
  m_NavMeshLayer: 0
  m_StaticEditorFlags: 0
  m_IsActive: 1
--- !u!4 &9069747427361695272
Transform:
  m_ObjectHideFlags: 0
  m_CorrespondingSourceObject: {fileID: 0}
  m_PrefabInstance: {fileID: 0}
  m_PrefabAsset: {fileID: 0}
  m_GameObject: {fileID: 1645364788345715821}
  m_LocalRotation: {x: -0, y: -0, z: -0, w: 1}
  m_LocalPosition: {x: 0, y: 0, z: 0}
  m_LocalScale: {x: 1, y: 1, z: 1}
  m_Children: []
  m_Father: {fileID: 4904622888411461213}
  m_RootOrder: 7
  m_LocalEulerAnglesHint: {x: 0, y: 0, z: 0}
--- !u!212 &8075829450611031330
SpriteRenderer:
  m_ObjectHideFlags: 0
  m_CorrespondingSourceObject: {fileID: 0}
  m_PrefabInstance: {fileID: 0}
  m_PrefabAsset: {fileID: 0}
  m_GameObject: {fileID: 1645364788345715821}
  m_Enabled: 1
  m_CastShadows: 0
  m_ReceiveShadows: 0
  m_DynamicOccludee: 1
  m_MotionVectors: 1
  m_LightProbeUsage: 1
  m_ReflectionProbeUsage: 1
  m_RayTracingMode: 0
  m_RayTraceProcedural: 0
  m_RenderingLayerMask: 1
  m_RendererPriority: 0
  m_Materials:
  - {fileID: 10754, guid: 0000000000000000f000000000000000, type: 0}
  m_StaticBatchInfo:
    firstSubMesh: 0
    subMeshCount: 0
  m_StaticBatchRoot: {fileID: 0}
  m_ProbeAnchor: {fileID: 0}
  m_LightProbeVolumeOverride: {fileID: 0}
  m_ScaleInLightmap: 1
  m_ReceiveGI: 1
  m_PreserveUVs: 0
  m_IgnoreNormalsForChartDetection: 0
  m_ImportantGI: 0
  m_StitchLightmapSeams: 1
  m_SelectedEditorRenderState: 0
  m_MinimumChartSize: 4
  m_AutoUVMaxDistance: 0.5
  m_AutoUVMaxAngle: 89
  m_LightmapParameters: {fileID: 0}
  m_SortingLayerID: 1507351483
  m_SortingLayer: 1
  m_SortingOrder: 0
  m_Sprite: {fileID: 21300000, guid: f2fc6fc011b202f42a12f8e3d041c843, type: 3}
  m_Color: {r: 1, g: 1, b: 1, a: 1}
  m_FlipX: 0
  m_FlipY: 0
  m_DrawMode: 0
  m_Size: {x: 10.8, y: 10.8}
  m_AdaptiveModeThreshold: 0.5
  m_SpriteTileMode: 0
  m_WasSpriteAssigned: 1
  m_MaskInteraction: 0
  m_SpriteSortPoint: 0
--- !u!1 &2471241520189041144
GameObject:
  m_ObjectHideFlags: 0
  m_CorrespondingSourceObject: {fileID: 0}
  m_PrefabInstance: {fileID: 0}
  m_PrefabAsset: {fileID: 0}
  serializedVersion: 6
  m_Component:
  - component: {fileID: 5550207753787245106}
  - component: {fileID: 4919658628406828460}
  m_Layer: 6
  m_Name: WallUDoor
  m_TagString: Untagged
  m_Icon: {fileID: 0}
  m_NavMeshLayer: 0
  m_StaticEditorFlags: 0
  m_IsActive: 1
--- !u!4 &5550207753787245106
Transform:
  m_ObjectHideFlags: 0
  m_CorrespondingSourceObject: {fileID: 0}
  m_PrefabInstance: {fileID: 0}
  m_PrefabAsset: {fileID: 0}
  m_GameObject: {fileID: 2471241520189041144}
  m_LocalRotation: {x: -0, y: -0, z: -0.7071069, w: -0.7071067}
  m_LocalPosition: {x: 0, y: 0, z: 0}
  m_LocalScale: {x: 1, y: 1, z: 1}
  m_Children: []
  m_Father: {fileID: 5877480007206373900}
  m_RootOrder: 4
  m_LocalEulerAnglesHint: {x: 0, y: 0, z: -270}
--- !u!61 &4919658628406828460
BoxCollider2D:
  m_ObjectHideFlags: 0
  m_CorrespondingSourceObject: {fileID: 0}
  m_PrefabInstance: {fileID: 0}
  m_PrefabAsset: {fileID: 0}
  m_GameObject: {fileID: 2471241520189041144}
  m_Enabled: 1
  m_Density: 1
  m_Material: {fileID: 0}
  m_IsTrigger: 0
  m_UsedByEffector: 0
  m_UsedByComposite: 0
  m_Offset: {x: 4.776335, y: 0.0036633015}
  m_SpriteTilingProperty:
    border: {x: 0, y: 0, z: 0, w: 0}
    pivot: {x: 0, y: 0}
    oldSize: {x: 0, y: 0}
    newSize: {x: 0, y: 0}
    adaptiveTilingThreshold: 0
    drawMode: 0
    adaptiveTiling: 0
  m_AutoTiling: 0
  serializedVersion: 2
  m_Size: {x: 1.2437668, y: 10.809061}
  m_EdgeRadius: 0
--- !u!1 &2721864922733386094
GameObject:
  m_ObjectHideFlags: 0
  m_CorrespondingSourceObject: {fileID: 0}
  m_PrefabInstance: {fileID: 0}
  m_PrefabAsset: {fileID: 0}
  serializedVersion: 6
  m_Component:
  - component: {fileID: 8550105614073371747}
  - component: {fileID: 8913912079362273343}
  m_Layer: 3
  m_Name: WallD (1)
  m_TagString: Untagged
  m_Icon: {fileID: 0}
  m_NavMeshLayer: 0
  m_StaticEditorFlags: 0
  m_IsActive: 1
--- !u!4 &8550105614073371747
Transform:
  m_ObjectHideFlags: 0
  m_CorrespondingSourceObject: {fileID: 0}
  m_PrefabInstance: {fileID: 0}
  m_PrefabAsset: {fileID: 0}
  m_GameObject: {fileID: 2721864922733386094}
  m_LocalRotation: {x: -0, y: -0, z: -0.70710677, w: 0.7071068}
  m_LocalPosition: {x: 0, y: 0, z: 0}
  m_LocalScale: {x: 1, y: 1, z: 1}
  m_Children: []
  m_Father: {fileID: 5877480007206373900}
  m_RootOrder: 11
  m_LocalEulerAnglesHint: {x: 0, y: 0, z: -90}
--- !u!61 &8913912079362273343
BoxCollider2D:
  m_ObjectHideFlags: 0
  m_CorrespondingSourceObject: {fileID: 0}
  m_PrefabInstance: {fileID: 0}
  m_PrefabAsset: {fileID: 0}
  m_GameObject: {fileID: 2721864922733386094}
  m_Enabled: 1
  m_Density: 1
  m_Material: {fileID: 0}
  m_IsTrigger: 0
  m_UsedByEffector: 0
  m_UsedByComposite: 0
  m_Offset: {x: 4.776335, y: 3.235938}
  m_SpriteTilingProperty:
    border: {x: 0, y: 0, z: 0, w: 0}
    pivot: {x: 0, y: 0}
    oldSize: {x: 0, y: 0}
    newSize: {x: 0, y: 0}
    adaptiveTilingThreshold: 0
    drawMode: 0
    adaptiveTiling: 0
  m_AutoTiling: 0
  serializedVersion: 2
  m_Size: {x: 1.2437668, y: 4.344511}
  m_EdgeRadius: 0
--- !u!1 &3796251900376657166
GameObject:
  m_ObjectHideFlags: 0
  m_CorrespondingSourceObject: {fileID: 0}
  m_PrefabInstance: {fileID: 0}
  m_PrefabAsset: {fileID: 0}
  serializedVersion: 6
  m_Component:
  - component: {fileID: 5364498729998494859}
  - component: {fileID: 7782895888972551232}
  m_Layer: 3
  m_Name: WallL
  m_TagString: Untagged
  m_Icon: {fileID: 0}
  m_NavMeshLayer: 0
  m_StaticEditorFlags: 0
  m_IsActive: 1
--- !u!4 &5364498729998494859
Transform:
  m_ObjectHideFlags: 0
  m_CorrespondingSourceObject: {fileID: 0}
  m_PrefabInstance: {fileID: 0}
  m_PrefabAsset: {fileID: 0}
  m_GameObject: {fileID: 3796251900376657166}
  m_LocalRotation: {x: -0, y: -0, z: -1, w: 0.000000104308114}
  m_LocalPosition: {x: 0, y: 0, z: 0}
  m_LocalScale: {x: 1, y: 1, z: 1}
  m_Children: []
  m_Father: {fileID: 5877480007206373900}
  m_RootOrder: 0
  m_LocalEulerAnglesHint: {x: 0, y: 0, z: -180}
--- !u!61 &7782895888972551232
BoxCollider2D:
  m_ObjectHideFlags: 0
  m_CorrespondingSourceObject: {fileID: 0}
  m_PrefabInstance: {fileID: 0}
  m_PrefabAsset: {fileID: 0}
  m_GameObject: {fileID: 3796251900376657166}
  m_Enabled: 1
  m_Density: 1
  m_Material: {fileID: 0}
  m_IsTrigger: 0
  m_UsedByEffector: 0
  m_UsedByComposite: 0
  m_Offset: {x: 4.776335, y: 3.1927254}
  m_SpriteTilingProperty:
    border: {x: 0, y: 0, z: 0, w: 0}
    pivot: {x: 0, y: 0}
    oldSize: {x: 0, y: 0}
    newSize: {x: 0, y: 0}
    adaptiveTilingThreshold: 0
    drawMode: 0
    adaptiveTiling: 0
  m_AutoTiling: 0
  serializedVersion: 2
  m_Size: {x: 1.2437668, y: 4.4309363}
  m_EdgeRadius: 0
--- !u!1 &3994777422138431857
GameObject:
  m_ObjectHideFlags: 0
  m_CorrespondingSourceObject: {fileID: 0}
  m_PrefabInstance: {fileID: 0}
  m_PrefabAsset: {fileID: 0}
  serializedVersion: 6
  m_Component:
  - component: {fileID: 8647061705864384883}
  - component: {fileID: 417828662952700269}
  m_Layer: 3
  m_Name: WallR (1)
  m_TagString: Untagged
  m_Icon: {fileID: 0}
  m_NavMeshLayer: 0
  m_StaticEditorFlags: 0
  m_IsActive: 1
--- !u!4 &8647061705864384883
Transform:
  m_ObjectHideFlags: 0
  m_CorrespondingSourceObject: {fileID: 0}
  m_PrefabInstance: {fileID: 0}
  m_PrefabAsset: {fileID: 0}
  m_GameObject: {fileID: 3994777422138431857}
  m_LocalRotation: {x: 0, y: 0, z: 0, w: 1}
  m_LocalPosition: {x: 0, y: 0, z: 0}
  m_LocalScale: {x: 1, y: 1, z: 1}
  m_Children: []
  m_Father: {fileID: 5877480007206373900}
  m_RootOrder: 8
  m_LocalEulerAnglesHint: {x: 0, y: 0, z: 0}
--- !u!61 &417828662952700269
BoxCollider2D:
  m_ObjectHideFlags: 0
  m_CorrespondingSourceObject: {fileID: 0}
  m_PrefabInstance: {fileID: 0}
  m_PrefabAsset: {fileID: 0}
  m_GameObject: {fileID: 3994777422138431857}
  m_Enabled: 1
  m_Density: 1
  m_Material: {fileID: 0}
  m_IsTrigger: 0
  m_UsedByEffector: 0
  m_UsedByComposite: 0
  m_Offset: {x: 4.776335, y: -3.1853993}
  m_SpriteTilingProperty:
    border: {x: 0, y: 0, z: 0, w: 0}
    pivot: {x: 0, y: 0}
    oldSize: {x: 0, y: 0}
    newSize: {x: 0, y: 0}
    adaptiveTilingThreshold: 0
    drawMode: 0
    adaptiveTiling: 0
  m_AutoTiling: 0
  serializedVersion: 2
  m_Size: {x: 1.2437668, y: 4.4309363}
  m_EdgeRadius: 0
--- !u!1 &4878570396705605894
GameObject:
  m_ObjectHideFlags: 0
  m_CorrespondingSourceObject: {fileID: 0}
  m_PrefabInstance: {fileID: 0}
  m_PrefabAsset: {fileID: 0}
  serializedVersion: 6
  m_Component:
  - component: {fileID: 8437979026799401620}
  m_Layer: 0
  m_Name: SpotU
  m_TagString: Untagged
  m_Icon: {fileID: 7866945982896999795, guid: 0000000000000000d000000000000000, type: 0}
  m_NavMeshLayer: 0
  m_StaticEditorFlags: 0
  m_IsActive: 1
--- !u!4 &8437979026799401620
Transform:
  m_ObjectHideFlags: 0
  m_CorrespondingSourceObject: {fileID: 0}
  m_PrefabInstance: {fileID: 0}
  m_PrefabAsset: {fileID: 0}
  m_GameObject: {fileID: 4878570396705605894}
  m_LocalRotation: {x: 0, y: 0, z: 0, w: 1}
  m_LocalPosition: {x: 0, y: 3.95, z: 0}
  m_LocalScale: {x: 1, y: 1, z: 1}
  m_Children: []
  m_Father: {fileID: 9199733459657650940}
  m_RootOrder: 1
  m_LocalEulerAnglesHint: {x: 0, y: 0, z: 0}
--- !u!1 &4904622888411461215
GameObject:
  m_ObjectHideFlags: 0
  m_CorrespondingSourceObject: {fileID: 0}
  m_PrefabInstance: {fileID: 0}
  m_PrefabAsset: {fileID: 0}
  serializedVersion: 6
  m_Component:
  - component: {fileID: 4904622888411461213}
  - component: {fileID: 4904622888411461212}
  - component: {fileID: 4904622888411461202}
  m_Layer: 0
  m_Name: SPECIAL 2
  m_TagString: Untagged
  m_Icon: {fileID: 0}
  m_NavMeshLayer: 0
  m_StaticEditorFlags: 0
  m_IsActive: 1
--- !u!4 &4904622888411461213
Transform:
  m_ObjectHideFlags: 0
  m_CorrespondingSourceObject: {fileID: 0}
  m_PrefabInstance: {fileID: 0}
  m_PrefabAsset: {fileID: 0}
  m_GameObject: {fileID: 4904622888411461215}
  m_LocalRotation: {x: 0, y: 0, z: 0, w: 1}
  m_LocalPosition: {x: 0, y: 0, z: 0}
  m_LocalScale: {x: 1, y: 1, z: 1}
  m_Children:
  - {fileID: 450335688537407296}
  - {fileID: 5885818527193954098}
  - {fileID: 5913378644851155219}
  - {fileID: 4378120474975891575}
  - {fileID: 9199733459657650940}
  - {fileID: 5877480007206373900}
  - {fileID: 3724264552461262268}
  - {fileID: 9069747427361695272}
  - {fileID: 2692441710485084628}
  - {fileID: 9121004136174521035}
  - {fileID: 5090649313418777313}
  - {fileID: 6011030371090657314}
  - {fileID: 4426173432943792185}
  - {fileID: 7270837604728326065}
  - {fileID: 987143950094292948}
  - {fileID: 8866116473246773728}
  m_Father: {fileID: 0}
  m_RootOrder: 0
  m_LocalEulerAnglesHint: {x: 0, y: 0, z: 0}
--- !u!212 &4904622888411461212
SpriteRenderer:
  m_ObjectHideFlags: 0
  m_CorrespondingSourceObject: {fileID: 0}
  m_PrefabInstance: {fileID: 0}
  m_PrefabAsset: {fileID: 0}
  m_GameObject: {fileID: 4904622888411461215}
  m_Enabled: 1
  m_CastShadows: 0
  m_ReceiveShadows: 0
  m_DynamicOccludee: 1
  m_MotionVectors: 1
  m_LightProbeUsage: 1
  m_ReflectionProbeUsage: 1
  m_RayTracingMode: 0
  m_RayTraceProcedural: 0
  m_RenderingLayerMask: 1
  m_RendererPriority: 0
  m_Materials:
  - {fileID: 10754, guid: 0000000000000000f000000000000000, type: 0}
  m_StaticBatchInfo:
    firstSubMesh: 0
    subMeshCount: 0
  m_StaticBatchRoot: {fileID: 0}
  m_ProbeAnchor: {fileID: 0}
  m_LightProbeVolumeOverride: {fileID: 0}
  m_ScaleInLightmap: 1
  m_ReceiveGI: 1
  m_PreserveUVs: 0
  m_IgnoreNormalsForChartDetection: 0
  m_ImportantGI: 0
  m_StitchLightmapSeams: 1
  m_SelectedEditorRenderState: 0
  m_MinimumChartSize: 4
  m_AutoUVMaxDistance: 0.5
  m_AutoUVMaxAngle: 89
  m_LightmapParameters: {fileID: 0}
  m_SortingLayerID: 0
  m_SortingLayer: 0
  m_SortingOrder: 0
  m_Sprite: {fileID: 21300000, guid: 480c9e52a00fda64eb6b0aaf7d9a5a2b, type: 3}
  m_Color: {r: 1, g: 1, b: 1, a: 1}
  m_FlipX: 0
  m_FlipY: 0
  m_DrawMode: 0
  m_Size: {x: 10.8, y: 10.8}
  m_AdaptiveModeThreshold: 0.5
  m_SpriteTileMode: 0
  m_WasSpriteAssigned: 1
  m_MaskInteraction: 0
  m_SpriteSortPoint: 0
--- !u!114 &4904622888411461202
MonoBehaviour:
  m_ObjectHideFlags: 0
  m_CorrespondingSourceObject: {fileID: 0}
  m_PrefabInstance: {fileID: 0}
  m_PrefabAsset: {fileID: 0}
  m_GameObject: {fileID: 4904622888411461215}
  m_Enabled: 1
  m_EditorHideFlags: 0
  m_Script: {fileID: 11500000, guid: 02e8cb774bb9b0449a75b20a74a0d947, type: 3}
  m_Name: 
  m_EditorClassIdentifier: 
  doorColliders:
  - {fileID: 908375594663259046}
  - {fileID: 2471241520189041144}
  - {fileID: 7283532557487514225}
  - {fileID: 8552539069330620877}
  SiblingRooms: []
  doors:
  - {fileID: 8197416311274719057}
  - {fileID: 4825712555776817804}
  - {fileID: 7399914930706509649}
  - {fileID: 5508269657512817110}
  doorSpots:
  - {fileID: 7075298055834873904}
  - {fileID: 8437979026799401620}
  - {fileID: 5014912171192445329}
  - {fileID: 1471540827650452587}
  generated: 0
  isHalfRoom: 0
  isSpecial: 0
  searchableObjects:
  - {fileID: 5358940114911773610}
  - {fileID: 3122562670708666732}
  - {fileID: 7430287714290798331}
  searchedObjectName: Paints
--- !u!1 &5300331737816643730
GameObject:
  m_ObjectHideFlags: 0
  m_CorrespondingSourceObject: {fileID: 0}
  m_PrefabInstance: {fileID: 0}
  m_PrefabAsset: {fileID: 0}
  serializedVersion: 6
  m_Component:
  - component: {fileID: 3034958239170592737}
  - component: {fileID: 8405435311380832847}
  m_Layer: 3
  m_Name: WallR
  m_TagString: Untagged
  m_Icon: {fileID: 0}
  m_NavMeshLayer: 0
  m_StaticEditorFlags: 0
  m_IsActive: 1
--- !u!4 &3034958239170592737
Transform:
  m_ObjectHideFlags: 0
  m_CorrespondingSourceObject: {fileID: 0}
  m_PrefabInstance: {fileID: 0}
  m_PrefabAsset: {fileID: 0}
  m_GameObject: {fileID: 5300331737816643730}
  m_LocalRotation: {x: 0, y: 0, z: 0, w: 1}
  m_LocalPosition: {x: 0, y: 0, z: 0}
  m_LocalScale: {x: 1, y: 1, z: 1}
  m_Children: []
  m_Father: {fileID: 5877480007206373900}
  m_RootOrder: 6
  m_LocalEulerAnglesHint: {x: 0, y: 0, z: 0}
--- !u!61 &8405435311380832847
BoxCollider2D:
  m_ObjectHideFlags: 0
  m_CorrespondingSourceObject: {fileID: 0}
  m_PrefabInstance: {fileID: 0}
  m_PrefabAsset: {fileID: 0}
  m_GameObject: {fileID: 5300331737816643730}
  m_Enabled: 1
  m_Density: 1
  m_Material: {fileID: 0}
  m_IsTrigger: 0
  m_UsedByEffector: 0
  m_UsedByComposite: 0
  m_Offset: {x: 4.776335, y: 3.201368}
  m_SpriteTilingProperty:
    border: {x: 0, y: 0, z: 0, w: 0}
    pivot: {x: 0, y: 0}
    oldSize: {x: 0, y: 0}
    newSize: {x: 0, y: 0}
    adaptiveTilingThreshold: 0
    drawMode: 0
    adaptiveTiling: 0
  m_AutoTiling: 0
  serializedVersion: 2
  m_Size: {x: 1.2437668, y: 4.413651}
  m_EdgeRadius: 0
--- !u!1 &6569794373536212480
GameObject:
  m_ObjectHideFlags: 0
  m_CorrespondingSourceObject: {fileID: 0}
  m_PrefabInstance: {fileID: 0}
  m_PrefabAsset: {fileID: 0}
  serializedVersion: 6
  m_Component:
  - component: {fileID: 8333705336936414332}
  - component: {fileID: 2379364546805730612}
  m_Layer: 3
  m_Name: WallU
  m_TagString: Untagged
  m_Icon: {fileID: 0}
  m_NavMeshLayer: 0
  m_StaticEditorFlags: 0
  m_IsActive: 1
--- !u!4 &8333705336936414332
Transform:
  m_ObjectHideFlags: 0
  m_CorrespondingSourceObject: {fileID: 0}
  m_PrefabInstance: {fileID: 0}
  m_PrefabAsset: {fileID: 0}
  m_GameObject: {fileID: 6569794373536212480}
  m_LocalRotation: {x: -0, y: -0, z: -0.7071069, w: -0.7071067}
  m_LocalPosition: {x: 0, y: 0, z: 0}
  m_LocalScale: {x: 1, y: 1, z: 1}
  m_Children: []
  m_Father: {fileID: 5877480007206373900}
  m_RootOrder: 3
  m_LocalEulerAnglesHint: {x: 0, y: 0, z: -270}
--- !u!61 &2379364546805730612
BoxCollider2D:
  m_ObjectHideFlags: 0
  m_CorrespondingSourceObject: {fileID: 0}
  m_PrefabInstance: {fileID: 0}
  m_PrefabAsset: {fileID: 0}
  m_GameObject: {fileID: 6569794373536212480}
  m_Enabled: 1
  m_Density: 1
  m_Material: {fileID: 0}
  m_IsTrigger: 0
  m_UsedByEffector: 0
  m_UsedByComposite: 0
  m_Offset: {x: 4.776335, y: 3.1581554}
  m_SpriteTilingProperty:
    border: {x: 0, y: 0, z: 0, w: 0}
    pivot: {x: 0, y: 0}
    oldSize: {x: 0, y: 0}
    newSize: {x: 0, y: 0}
    adaptiveTilingThreshold: 0
    drawMode: 0
    adaptiveTiling: 0
  m_AutoTiling: 0
  serializedVersion: 2
  m_Size: {x: 1.2437668, y: 4.5000763}
  m_EdgeRadius: 0
--- !u!1 &6902881130644465595
GameObject:
  m_ObjectHideFlags: 0
  m_CorrespondingSourceObject: {fileID: 0}
  m_PrefabInstance: {fileID: 0}
  m_PrefabAsset: {fileID: 0}
  serializedVersion: 6
  m_Component:
  - component: {fileID: 5315240218563325599}
  - component: {fileID: 4842273743961879346}
  m_Layer: 3
  m_Name: WallL (1)
  m_TagString: Untagged
  m_Icon: {fileID: 0}
  m_NavMeshLayer: 0
  m_StaticEditorFlags: 0
  m_IsActive: 1
--- !u!4 &5315240218563325599
Transform:
  m_ObjectHideFlags: 0
  m_CorrespondingSourceObject: {fileID: 0}
  m_PrefabInstance: {fileID: 0}
  m_PrefabAsset: {fileID: 0}
  m_GameObject: {fileID: 6902881130644465595}
  m_LocalRotation: {x: -0, y: -0, z: -1, w: 0.000000104308114}
  m_LocalPosition: {x: 0, y: 0, z: 0}
  m_LocalScale: {x: 1, y: 1, z: 1}
  m_Children: []
  m_Father: {fileID: 5877480007206373900}
  m_RootOrder: 2
  m_LocalEulerAnglesHint: {x: 0, y: 0, z: -180}
--- !u!61 &4842273743961879346
BoxCollider2D:
  m_ObjectHideFlags: 0
  m_CorrespondingSourceObject: {fileID: 0}
  m_PrefabInstance: {fileID: 0}
  m_PrefabAsset: {fileID: 0}
  m_GameObject: {fileID: 6902881130644465595}
  m_Enabled: 1
  m_Density: 1
  m_Material: {fileID: 0}
  m_IsTrigger: 0
  m_UsedByEffector: 0
  m_UsedByComposite: 0
  m_Offset: {x: 4.776335, y: -3.1853993}
  m_SpriteTilingProperty:
    border: {x: 0, y: 0, z: 0, w: 0}
    pivot: {x: 0, y: 0}
    oldSize: {x: 0, y: 0}
    newSize: {x: 0, y: 0}
    adaptiveTilingThreshold: 0
    drawMode: 0
    adaptiveTiling: 0
  m_AutoTiling: 0
  serializedVersion: 2
  m_Size: {x: 1.2437668, y: 4.4309363}
  m_EdgeRadius: 0
--- !u!1 &7283532557487514225
GameObject:
  m_ObjectHideFlags: 0
  m_CorrespondingSourceObject: {fileID: 0}
  m_PrefabInstance: {fileID: 0}
  m_PrefabAsset: {fileID: 0}
  serializedVersion: 6
  m_Component:
  - component: {fileID: 3151477827866161153}
  - component: {fileID: 6402557148842612749}
  m_Layer: 6
  m_Name: WallRDoor
  m_TagString: Untagged
  m_Icon: {fileID: 0}
  m_NavMeshLayer: 0
  m_StaticEditorFlags: 0
  m_IsActive: 1
--- !u!4 &3151477827866161153
Transform:
  m_ObjectHideFlags: 0
  m_CorrespondingSourceObject: {fileID: 0}
  m_PrefabInstance: {fileID: 0}
  m_PrefabAsset: {fileID: 0}
  m_GameObject: {fileID: 7283532557487514225}
  m_LocalRotation: {x: 0, y: 0, z: 0, w: 1}
  m_LocalPosition: {x: 0, y: 0, z: 0}
  m_LocalScale: {x: 1, y: 1, z: 1}
  m_Children: []
  m_Father: {fileID: 5877480007206373900}
  m_RootOrder: 7
  m_LocalEulerAnglesHint: {x: 0, y: 0, z: 0}
--- !u!61 &6402557148842612749
BoxCollider2D:
  m_ObjectHideFlags: 0
  m_CorrespondingSourceObject: {fileID: 0}
  m_PrefabInstance: {fileID: 0}
  m_PrefabAsset: {fileID: 0}
  m_GameObject: {fileID: 7283532557487514225}
  m_Enabled: 1
  m_Density: 1
  m_Material: {fileID: 0}
  m_IsTrigger: 0
  m_UsedByEffector: 0
  m_UsedByComposite: 0
  m_Offset: {x: 4.776335, y: 0.0036633015}
  m_SpriteTilingProperty:
    border: {x: 0, y: 0, z: 0, w: 0}
    pivot: {x: 0, y: 0}
    oldSize: {x: 0, y: 0}
    newSize: {x: 0, y: 0}
    adaptiveTilingThreshold: 0
    drawMode: 0
    adaptiveTiling: 0
  m_AutoTiling: 0
  serializedVersion: 2
  m_Size: {x: 1.2437668, y: 10.809061}
  m_EdgeRadius: 0
--- !u!1 &7342795980428369907
GameObject:
  m_ObjectHideFlags: 0
  m_CorrespondingSourceObject: {fileID: 0}
  m_PrefabInstance: {fileID: 0}
  m_PrefabAsset: {fileID: 0}
  serializedVersion: 6
  m_Component:
  - component: {fileID: 5877480007206373900}
  - component: {fileID: 8077965640232668612}
  m_Layer: 0
  m_Name: Colliders
  m_TagString: Untagged
  m_Icon: {fileID: 0}
  m_NavMeshLayer: 0
  m_StaticEditorFlags: 0
  m_IsActive: 1
--- !u!4 &5877480007206373900
Transform:
  m_ObjectHideFlags: 0
  m_CorrespondingSourceObject: {fileID: 0}
  m_PrefabInstance: {fileID: 0}
  m_PrefabAsset: {fileID: 0}
  m_GameObject: {fileID: 7342795980428369907}
  m_LocalRotation: {x: -0, y: -0, z: -0, w: 1}
  m_LocalPosition: {x: 0, y: 0, z: 0}
  m_LocalScale: {x: 1, y: 1, z: 1}
  m_Children:
  - {fileID: 5364498729998494859}
  - {fileID: 2107807335975634150}
  - {fileID: 5315240218563325599}
  - {fileID: 8333705336936414332}
  - {fileID: 5550207753787245106}
  - {fileID: 7928140104768973754}
  - {fileID: 3034958239170592737}
  - {fileID: 3151477827866161153}
  - {fileID: 8647061705864384883}
  - {fileID: 5951389833057026171}
  - {fileID: 8366157494139017080}
  - {fileID: 8550105614073371747}
  m_Father: {fileID: 4904622888411461213}
  m_RootOrder: 5
  m_LocalEulerAnglesHint: {x: 0, y: 0, z: 0}
--- !u!50 &8077965640232668612
Rigidbody2D:
  serializedVersion: 4
  m_ObjectHideFlags: 0
  m_CorrespondingSourceObject: {fileID: 0}
  m_PrefabInstance: {fileID: 0}
  m_PrefabAsset: {fileID: 0}
  m_GameObject: {fileID: 7342795980428369907}
  m_BodyType: 2
  m_Simulated: 1
  m_UseFullKinematicContacts: 0
  m_UseAutoMass: 0
  m_Mass: 1
  m_LinearDrag: 0
  m_AngularDrag: 0.05
  m_GravityScale: 1
  m_Material: {fileID: 0}
  m_Interpolate: 0
  m_SleepingMode: 1
  m_CollisionDetection: 0
  m_Constraints: 0
--- !u!1 &7600119111123055582
GameObject:
  m_ObjectHideFlags: 0
  m_CorrespondingSourceObject: {fileID: 0}
  m_PrefabInstance: {fileID: 0}
  m_PrefabAsset: {fileID: 0}
  serializedVersion: 6
  m_Component:
  - component: {fileID: 7075298055834873904}
  m_Layer: 0
  m_Name: SpotL
  m_TagString: Untagged
  m_Icon: {fileID: 7866945982896999795, guid: 0000000000000000d000000000000000, type: 0}
  m_NavMeshLayer: 0
  m_StaticEditorFlags: 0
  m_IsActive: 1
--- !u!4 &7075298055834873904
Transform:
  m_ObjectHideFlags: 0
  m_CorrespondingSourceObject: {fileID: 0}
  m_PrefabInstance: {fileID: 0}
  m_PrefabAsset: {fileID: 0}
  m_GameObject: {fileID: 7600119111123055582}
  m_LocalRotation: {x: 0, y: 0, z: 0, w: 1}
  m_LocalPosition: {x: -3.95, y: 0, z: 0}
  m_LocalScale: {x: 1, y: 1, z: 1}
  m_Children: []
  m_Father: {fileID: 9199733459657650940}
  m_RootOrder: 0
  m_LocalEulerAnglesHint: {x: 0, y: 0, z: 0}
--- !u!1 &7676785662893416644
GameObject:
  m_ObjectHideFlags: 0
  m_CorrespondingSourceObject: {fileID: 0}
  m_PrefabInstance: {fileID: 0}
  m_PrefabAsset: {fileID: 0}
  serializedVersion: 6
  m_Component:
  - component: {fileID: 1471540827650452587}
  m_Layer: 0
  m_Name: SpotD
  m_TagString: Untagged
  m_Icon: {fileID: 7866945982896999795, guid: 0000000000000000d000000000000000, type: 0}
  m_NavMeshLayer: 0
  m_StaticEditorFlags: 0
  m_IsActive: 1
--- !u!4 &1471540827650452587
Transform:
  m_ObjectHideFlags: 0
  m_CorrespondingSourceObject: {fileID: 0}
  m_PrefabInstance: {fileID: 0}
  m_PrefabAsset: {fileID: 0}
  m_GameObject: {fileID: 7676785662893416644}
  m_LocalRotation: {x: 0, y: 0, z: 0, w: 1}
  m_LocalPosition: {x: 0, y: -3.95, z: 0}
  m_LocalScale: {x: 1, y: 1, z: 1}
  m_Children: []
  m_Father: {fileID: 9199733459657650940}
  m_RootOrder: 3
  m_LocalEulerAnglesHint: {x: 0, y: 0, z: 0}
--- !u!1 &8394435184880710694
GameObject:
  m_ObjectHideFlags: 0
  m_CorrespondingSourceObject: {fileID: 0}
  m_PrefabInstance: {fileID: 0}
  m_PrefabAsset: {fileID: 0}
  serializedVersion: 6
  m_Component:
  - component: {fileID: 5951389833057026171}
  - component: {fileID: 8898441412537036252}
  m_Layer: 3
  m_Name: WallD
  m_TagString: Untagged
  m_Icon: {fileID: 0}
  m_NavMeshLayer: 0
  m_StaticEditorFlags: 0
  m_IsActive: 1
--- !u!4 &5951389833057026171
Transform:
  m_ObjectHideFlags: 0
  m_CorrespondingSourceObject: {fileID: 0}
  m_PrefabInstance: {fileID: 0}
  m_PrefabAsset: {fileID: 0}
  m_GameObject: {fileID: 8394435184880710694}
  m_LocalRotation: {x: -0, y: -0, z: -0.70710677, w: 0.7071068}
  m_LocalPosition: {x: 0, y: 0, z: 0}
  m_LocalScale: {x: 1, y: 1, z: 1}
  m_Children: []
  m_Father: {fileID: 5877480007206373900}
  m_RootOrder: 9
  m_LocalEulerAnglesHint: {x: 0, y: 0, z: -90}
--- !u!61 &8898441412537036252
BoxCollider2D:
  m_ObjectHideFlags: 0
  m_CorrespondingSourceObject: {fileID: 0}
  m_PrefabInstance: {fileID: 0}
  m_PrefabAsset: {fileID: 0}
  m_GameObject: {fileID: 8394435184880710694}
  m_Enabled: 1
  m_Density: 1
  m_Material: {fileID: 0}
  m_IsTrigger: 0
  m_UsedByEffector: 0
  m_UsedByComposite: 0
  m_Offset: {x: 4.776335, y: -3.142187}
  m_SpriteTilingProperty:
    border: {x: 0, y: 0, z: 0, w: 0}
    pivot: {x: 0, y: 0}
    oldSize: {x: 0, y: 0}
    newSize: {x: 0, y: 0}
    adaptiveTilingThreshold: 0
    drawMode: 0
    adaptiveTiling: 0
  m_AutoTiling: 0
  serializedVersion: 2
  m_Size: {x: 1.2437668, y: 4.5173607}
  m_EdgeRadius: 0
--- !u!1 &8487285341061390875
GameObject:
  m_ObjectHideFlags: 0
  m_CorrespondingSourceObject: {fileID: 0}
  m_PrefabInstance: {fileID: 0}
  m_PrefabAsset: {fileID: 0}
  serializedVersion: 6
  m_Component:
  - component: {fileID: 9199733459657650940}
  m_Layer: 0
  m_Name: DoorSpots
  m_TagString: Untagged
  m_Icon: {fileID: 0}
  m_NavMeshLayer: 0
  m_StaticEditorFlags: 0
  m_IsActive: 1
--- !u!4 &9199733459657650940
Transform:
  m_ObjectHideFlags: 0
  m_CorrespondingSourceObject: {fileID: 0}
  m_PrefabInstance: {fileID: 0}
  m_PrefabAsset: {fileID: 0}
  m_GameObject: {fileID: 8487285341061390875}
  m_LocalRotation: {x: -0, y: -0, z: -0, w: 1}
  m_LocalPosition: {x: 0, y: 0, z: 0}
  m_LocalScale: {x: 1, y: 1, z: 1}
  m_Children:
  - {fileID: 7075298055834873904}
  - {fileID: 8437979026799401620}
  - {fileID: 5014912171192445329}
  - {fileID: 1471540827650452587}
  m_Father: {fileID: 4904622888411461213}
  m_RootOrder: 4
  m_LocalEulerAnglesHint: {x: 0, y: 0, z: 0}
--- !u!1 &8552539069330620877
GameObject:
  m_ObjectHideFlags: 0
  m_CorrespondingSourceObject: {fileID: 0}
  m_PrefabInstance: {fileID: 0}
  m_PrefabAsset: {fileID: 0}
  serializedVersion: 6
  m_Component:
  - component: {fileID: 8366157494139017080}
  - component: {fileID: 3901472273005259580}
  m_Layer: 6
  m_Name: WallDDoor
  m_TagString: Untagged
  m_Icon: {fileID: 0}
  m_NavMeshLayer: 0
  m_StaticEditorFlags: 0
  m_IsActive: 1
--- !u!4 &8366157494139017080
Transform:
  m_ObjectHideFlags: 0
  m_CorrespondingSourceObject: {fileID: 0}
  m_PrefabInstance: {fileID: 0}
  m_PrefabAsset: {fileID: 0}
  m_GameObject: {fileID: 8552539069330620877}
  m_LocalRotation: {x: -0, y: -0, z: -0.70710677, w: 0.7071068}
  m_LocalPosition: {x: 0, y: 0, z: 0}
  m_LocalScale: {x: 1, y: 1, z: 1}
  m_Children: []
  m_Father: {fileID: 5877480007206373900}
  m_RootOrder: 10
  m_LocalEulerAnglesHint: {x: 0, y: 0, z: -90}
--- !u!61 &3901472273005259580
BoxCollider2D:
  m_ObjectHideFlags: 0
  m_CorrespondingSourceObject: {fileID: 0}
  m_PrefabInstance: {fileID: 0}
  m_PrefabAsset: {fileID: 0}
  m_GameObject: {fileID: 8552539069330620877}
  m_Enabled: 1
  m_Density: 1
  m_Material: {fileID: 0}
  m_IsTrigger: 0
  m_UsedByEffector: 0
  m_UsedByComposite: 0
  m_Offset: {x: 4.776335, y: 0.0036633015}
  m_SpriteTilingProperty:
    border: {x: 0, y: 0, z: 0, w: 0}
    pivot: {x: 0, y: 0}
    oldSize: {x: 0, y: 0}
    newSize: {x: 0, y: 0}
    adaptiveTilingThreshold: 0
    drawMode: 0
    adaptiveTiling: 0
  m_AutoTiling: 0
  serializedVersion: 2
  m_Size: {x: 1.2437668, y: 10.809061}
  m_EdgeRadius: 0
--- !u!1 &8911848974625515143
GameObject:
  m_ObjectHideFlags: 0
  m_CorrespondingSourceObject: {fileID: 0}
  m_PrefabInstance: {fileID: 0}
  m_PrefabAsset: {fileID: 0}
  serializedVersion: 6
  m_Component:
  - component: {fileID: 3724264552461262268}
  - component: {fileID: 8163980414847191006}
  m_Layer: 0
  m_Name: Deco8
  m_TagString: Untagged
  m_Icon: {fileID: 0}
  m_NavMeshLayer: 0
  m_StaticEditorFlags: 0
  m_IsActive: 1
--- !u!4 &3724264552461262268
Transform:
  m_ObjectHideFlags: 0
  m_CorrespondingSourceObject: {fileID: 0}
  m_PrefabInstance: {fileID: 0}
  m_PrefabAsset: {fileID: 0}
  m_GameObject: {fileID: 8911848974625515143}
  m_LocalRotation: {x: -0, y: -0, z: -0, w: 1}
  m_LocalPosition: {x: 0, y: 0, z: 0}
  m_LocalScale: {x: 1, y: 1, z: 1}
  m_Children: []
  m_Father: {fileID: 4904622888411461213}
  m_RootOrder: 6
  m_LocalEulerAnglesHint: {x: 0, y: 0, z: 0}
--- !u!212 &8163980414847191006
SpriteRenderer:
  m_ObjectHideFlags: 0
  m_CorrespondingSourceObject: {fileID: 0}
  m_PrefabInstance: {fileID: 0}
  m_PrefabAsset: {fileID: 0}
  m_GameObject: {fileID: 8911848974625515143}
  m_Enabled: 1
  m_CastShadows: 0
  m_ReceiveShadows: 0
  m_DynamicOccludee: 1
  m_MotionVectors: 1
  m_LightProbeUsage: 1
  m_ReflectionProbeUsage: 1
  m_RayTracingMode: 0
  m_RayTraceProcedural: 0
  m_RenderingLayerMask: 1
  m_RendererPriority: 0
  m_Materials:
  - {fileID: 10754, guid: 0000000000000000f000000000000000, type: 0}
  m_StaticBatchInfo:
    firstSubMesh: 0
    subMeshCount: 0
  m_StaticBatchRoot: {fileID: 0}
  m_ProbeAnchor: {fileID: 0}
  m_LightProbeVolumeOverride: {fileID: 0}
  m_ScaleInLightmap: 1
  m_ReceiveGI: 1
  m_PreserveUVs: 0
  m_IgnoreNormalsForChartDetection: 0
  m_ImportantGI: 0
  m_StitchLightmapSeams: 1
  m_SelectedEditorRenderState: 0
  m_MinimumChartSize: 4
  m_AutoUVMaxDistance: 0.5
  m_AutoUVMaxAngle: 89
  m_LightmapParameters: {fileID: 0}
  m_SortingLayerID: 1507351483
  m_SortingLayer: 1
  m_SortingOrder: 0
  m_Sprite: {fileID: 21300000, guid: 915b4c2f27feaa34bb03f44e40a9d299, type: 3}
  m_Color: {r: 1, g: 1, b: 1, a: 1}
  m_FlipX: 0
  m_FlipY: 0
  m_DrawMode: 0
  m_Size: {x: 10.8, y: 10.8}
  m_AdaptiveModeThreshold: 0.5
  m_SpriteTileMode: 0
  m_WasSpriteAssigned: 1
  m_MaskInteraction: 0
  m_SpriteSortPoint: 0
--- !u!1 &9025965135544368368
GameObject:
  m_ObjectHideFlags: 0
  m_CorrespondingSourceObject: {fileID: 0}
  m_PrefabInstance: {fileID: 0}
  m_PrefabAsset: {fileID: 0}
  serializedVersion: 6
  m_Component:
  - component: {fileID: 7928140104768973754}
  - component: {fileID: 8807083605493735787}
  m_Layer: 3
  m_Name: WallU (1)
  m_TagString: Untagged
  m_Icon: {fileID: 0}
  m_NavMeshLayer: 0
  m_StaticEditorFlags: 0
  m_IsActive: 1
--- !u!4 &7928140104768973754
Transform:
  m_ObjectHideFlags: 0
  m_CorrespondingSourceObject: {fileID: 0}
  m_PrefabInstance: {fileID: 0}
  m_PrefabAsset: {fileID: 0}
  m_GameObject: {fileID: 9025965135544368368}
  m_LocalRotation: {x: -0, y: -0, z: -0.7071069, w: -0.7071067}
  m_LocalPosition: {x: 0, y: 0, z: 0}
  m_LocalScale: {x: 1, y: 1, z: 1}
  m_Children: []
  m_Father: {fileID: 5877480007206373900}
  m_RootOrder: 5
  m_LocalEulerAnglesHint: {x: 0, y: 0, z: -270}
--- !u!61 &8807083605493735787
BoxCollider2D:
  m_ObjectHideFlags: 0
  m_CorrespondingSourceObject: {fileID: 0}
  m_PrefabInstance: {fileID: 0}
  m_PrefabAsset: {fileID: 0}
  m_GameObject: {fileID: 9025965135544368368}
  m_Enabled: 1
  m_Density: 1
  m_Material: {fileID: 0}
  m_IsTrigger: 0
  m_UsedByEffector: 0
  m_UsedByComposite: 0
  m_Offset: {x: 4.776335, y: -3.228612}
  m_SpriteTilingProperty:
    border: {x: 0, y: 0, z: 0, w: 0}
    pivot: {x: 0, y: 0}
    oldSize: {x: 0, y: 0}
    newSize: {x: 0, y: 0}
    adaptiveTilingThreshold: 0
    drawMode: 0
    adaptiveTiling: 0
  m_AutoTiling: 0
  serializedVersion: 2
  m_Size: {x: 1.2437668, y: 4.344511}
  m_EdgeRadius: 0
--- !u!1 &9032453875905905515
GameObject:
  m_ObjectHideFlags: 0
  m_CorrespondingSourceObject: {fileID: 0}
  m_PrefabInstance: {fileID: 0}
  m_PrefabAsset: {fileID: 0}
  serializedVersion: 6
  m_Component:
  - component: {fileID: 2692441710485084628}
  - component: {fileID: 4847625168661563888}
  m_Layer: 0
  m_Name: Deco2
  m_TagString: Untagged
  m_Icon: {fileID: 0}
  m_NavMeshLayer: 0
  m_StaticEditorFlags: 0
  m_IsActive: 1
--- !u!4 &2692441710485084628
Transform:
  m_ObjectHideFlags: 0
  m_CorrespondingSourceObject: {fileID: 0}
  m_PrefabInstance: {fileID: 0}
  m_PrefabAsset: {fileID: 0}
  m_GameObject: {fileID: 9032453875905905515}
  m_LocalRotation: {x: -0, y: -0, z: -0, w: 1}
  m_LocalPosition: {x: 0, y: 0, z: 0}
  m_LocalScale: {x: 1, y: 1, z: 1}
  m_Children: []
  m_Father: {fileID: 4904622888411461213}
  m_RootOrder: 8
  m_LocalEulerAnglesHint: {x: 0, y: 0, z: 0}
--- !u!212 &4847625168661563888
SpriteRenderer:
  m_ObjectHideFlags: 0
  m_CorrespondingSourceObject: {fileID: 0}
  m_PrefabInstance: {fileID: 0}
  m_PrefabAsset: {fileID: 0}
  m_GameObject: {fileID: 9032453875905905515}
  m_Enabled: 1
  m_CastShadows: 0
  m_ReceiveShadows: 0
  m_DynamicOccludee: 1
  m_MotionVectors: 1
  m_LightProbeUsage: 1
  m_ReflectionProbeUsage: 1
  m_RayTracingMode: 0
  m_RayTraceProcedural: 0
  m_RenderingLayerMask: 1
  m_RendererPriority: 0
  m_Materials:
  - {fileID: 10754, guid: 0000000000000000f000000000000000, type: 0}
  m_StaticBatchInfo:
    firstSubMesh: 0
    subMeshCount: 0
  m_StaticBatchRoot: {fileID: 0}
  m_ProbeAnchor: {fileID: 0}
  m_LightProbeVolumeOverride: {fileID: 0}
  m_ScaleInLightmap: 1
  m_ReceiveGI: 1
  m_PreserveUVs: 0
  m_IgnoreNormalsForChartDetection: 0
  m_ImportantGI: 0
  m_StitchLightmapSeams: 1
  m_SelectedEditorRenderState: 0
  m_MinimumChartSize: 4
  m_AutoUVMaxDistance: 0.5
  m_AutoUVMaxAngle: 89
  m_LightmapParameters: {fileID: 0}
  m_SortingLayerID: 1507351483
  m_SortingLayer: 1
  m_SortingOrder: 0
  m_Sprite: {fileID: 21300000, guid: 1ace560b92ecc9e469687c3a0158806c, type: 3}
  m_Color: {r: 1, g: 1, b: 1, a: 1}
  m_FlipX: 0
  m_FlipY: 0
  m_DrawMode: 0
  m_Size: {x: 10.8, y: 10.8}
  m_AdaptiveModeThreshold: 0.5
  m_SpriteTileMode: 0
  m_WasSpriteAssigned: 1
  m_MaskInteraction: 0
  m_SpriteSortPoint: 0
--- !u!1001 &934330981465354335
PrefabInstance:
  m_ObjectHideFlags: 0
  serializedVersion: 2
  m_Modification:
    m_TransformParent: {fileID: 4904622888411461213}
    m_Modifications:
    - target: {fileID: 91306892473247627, guid: ca09ba6ff16d90942823a73b4b6ee485, type: 3}
      propertyPath: m_RootOrder
      value: 14
      objectReference: {fileID: 0}
    - target: {fileID: 91306892473247627, guid: ca09ba6ff16d90942823a73b4b6ee485, type: 3}
      propertyPath: m_LocalPosition.x
      value: 1.65
      objectReference: {fileID: 0}
    - target: {fileID: 91306892473247627, guid: ca09ba6ff16d90942823a73b4b6ee485, type: 3}
      propertyPath: m_LocalPosition.y
      value: -2.16
      objectReference: {fileID: 0}
    - target: {fileID: 91306892473247627, guid: ca09ba6ff16d90942823a73b4b6ee485, type: 3}
      propertyPath: m_LocalPosition.z
      value: 0
      objectReference: {fileID: 0}
    - target: {fileID: 91306892473247627, guid: ca09ba6ff16d90942823a73b4b6ee485, type: 3}
      propertyPath: m_LocalRotation.w
      value: 1
      objectReference: {fileID: 0}
    - target: {fileID: 91306892473247627, guid: ca09ba6ff16d90942823a73b4b6ee485, type: 3}
      propertyPath: m_LocalRotation.x
      value: -0
      objectReference: {fileID: 0}
    - target: {fileID: 91306892473247627, guid: ca09ba6ff16d90942823a73b4b6ee485, type: 3}
      propertyPath: m_LocalRotation.y
      value: -0
      objectReference: {fileID: 0}
    - target: {fileID: 91306892473247627, guid: ca09ba6ff16d90942823a73b4b6ee485, type: 3}
      propertyPath: m_LocalRotation.z
      value: -0
      objectReference: {fileID: 0}
    - target: {fileID: 91306892473247627, guid: ca09ba6ff16d90942823a73b4b6ee485, type: 3}
      propertyPath: m_LocalEulerAnglesHint.x
      value: 0
      objectReference: {fileID: 0}
    - target: {fileID: 91306892473247627, guid: ca09ba6ff16d90942823a73b4b6ee485, type: 3}
      propertyPath: m_LocalEulerAnglesHint.y
      value: 0
      objectReference: {fileID: 0}
    - target: {fileID: 91306892473247627, guid: ca09ba6ff16d90942823a73b4b6ee485, type: 3}
      propertyPath: m_LocalEulerAnglesHint.z
      value: 0
      objectReference: {fileID: 0}
    - target: {fileID: 7678427520311907201, guid: ca09ba6ff16d90942823a73b4b6ee485, type: 3}
      propertyPath: m_Name
      value: table
      objectReference: {fileID: 0}
    m_RemovedComponents: []
  m_SourcePrefab: {fileID: 100100000, guid: ca09ba6ff16d90942823a73b4b6ee485, type: 3}
--- !u!4 &987143950094292948 stripped
Transform:
  m_CorrespondingSourceObject: {fileID: 91306892473247627, guid: ca09ba6ff16d90942823a73b4b6ee485, type: 3}
  m_PrefabInstance: {fileID: 934330981465354335}
  m_PrefabAsset: {fileID: 0}
--- !u!1001 &1736048259217340699
PrefabInstance:
  m_ObjectHideFlags: 0
  serializedVersion: 2
  m_Modification:
    m_TransformParent: {fileID: 4904622888411461213}
    m_Modifications:
    - target: {fileID: 4664240686186077608, guid: 1b693eaed0a29a04287184c98bf29387, type: 3}
      propertyPath: m_Name
      value: DoorClosedR
      objectReference: {fileID: 0}
    - target: {fileID: 5334272130591643656, guid: 1b693eaed0a29a04287184c98bf29387, type: 3}
      propertyPath: m_RootOrder
      value: 2
      objectReference: {fileID: 0}
    - target: {fileID: 5334272130591643656, guid: 1b693eaed0a29a04287184c98bf29387, type: 3}
      propertyPath: m_LocalPosition.x
      value: 0
      objectReference: {fileID: 0}
    - target: {fileID: 5334272130591643656, guid: 1b693eaed0a29a04287184c98bf29387, type: 3}
      propertyPath: m_LocalPosition.y
      value: 0
      objectReference: {fileID: 0}
    - target: {fileID: 5334272130591643656, guid: 1b693eaed0a29a04287184c98bf29387, type: 3}
      propertyPath: m_LocalPosition.z
      value: 0
      objectReference: {fileID: 0}
    - target: {fileID: 5334272130591643656, guid: 1b693eaed0a29a04287184c98bf29387, type: 3}
      propertyPath: m_LocalRotation.w
      value: 1
      objectReference: {fileID: 0}
    - target: {fileID: 5334272130591643656, guid: 1b693eaed0a29a04287184c98bf29387, type: 3}
      propertyPath: m_LocalRotation.x
      value: -0
      objectReference: {fileID: 0}
    - target: {fileID: 5334272130591643656, guid: 1b693eaed0a29a04287184c98bf29387, type: 3}
      propertyPath: m_LocalRotation.y
      value: -0
      objectReference: {fileID: 0}
    - target: {fileID: 5334272130591643656, guid: 1b693eaed0a29a04287184c98bf29387, type: 3}
      propertyPath: m_LocalRotation.z
      value: -0
      objectReference: {fileID: 0}
    - target: {fileID: 5334272130591643656, guid: 1b693eaed0a29a04287184c98bf29387, type: 3}
      propertyPath: m_LocalEulerAnglesHint.x
      value: 0
      objectReference: {fileID: 0}
    - target: {fileID: 5334272130591643656, guid: 1b693eaed0a29a04287184c98bf29387, type: 3}
      propertyPath: m_LocalEulerAnglesHint.y
      value: 0
      objectReference: {fileID: 0}
    - target: {fileID: 5334272130591643656, guid: 1b693eaed0a29a04287184c98bf29387, type: 3}
      propertyPath: m_LocalEulerAnglesHint.z
      value: 0
      objectReference: {fileID: 0}
    m_RemovedComponents: []
  m_SourcePrefab: {fileID: 100100000, guid: 1b693eaed0a29a04287184c98bf29387, type: 3}
--- !u!4 &5913378644851155219 stripped
Transform:
  m_CorrespondingSourceObject: {fileID: 5334272130591643656, guid: 1b693eaed0a29a04287184c98bf29387, type: 3}
  m_PrefabInstance: {fileID: 1736048259217340699}
  m_PrefabAsset: {fileID: 0}
--- !u!114 &7399914930706509649 stripped
MonoBehaviour:
  m_CorrespondingSourceObject: {fileID: 9126098096433616458, guid: 1b693eaed0a29a04287184c98bf29387, type: 3}
  m_PrefabInstance: {fileID: 1736048259217340699}
  m_PrefabAsset: {fileID: 0}
  m_GameObject: {fileID: 0}
  m_Enabled: 1
  m_EditorHideFlags: 0
  m_Script: {fileID: 11500000, guid: 20230f457128d89458e86a3d45381f91, type: 3}
  m_Name: 
  m_EditorClassIdentifier: 
--- !u!1001 &3360208475443704728
PrefabInstance:
  m_ObjectHideFlags: 0
  serializedVersion: 2
  m_Modification:
    m_TransformParent: {fileID: 4904622888411461213}
    m_Modifications:
    - target: {fileID: 5352228580199134249, guid: 96db4ce9c6c60b44b8254d0f9e24712e, type: 3}
      propertyPath: m_RootOrder
      value: 13
      objectReference: {fileID: 0}
    - target: {fileID: 5352228580199134249, guid: 96db4ce9c6c60b44b8254d0f9e24712e, type: 3}
      propertyPath: m_LocalPosition.x
      value: 0.7836238
      objectReference: {fileID: 0}
    - target: {fileID: 5352228580199134249, guid: 96db4ce9c6c60b44b8254d0f9e24712e, type: 3}
      propertyPath: m_LocalPosition.y
      value: -2.3274796
      objectReference: {fileID: 0}
    - target: {fileID: 5352228580199134249, guid: 96db4ce9c6c60b44b8254d0f9e24712e, type: 3}
      propertyPath: m_LocalPosition.z
      value: 0
      objectReference: {fileID: 0}
    - target: {fileID: 5352228580199134249, guid: 96db4ce9c6c60b44b8254d0f9e24712e, type: 3}
      propertyPath: m_LocalRotation.w
      value: 1
      objectReference: {fileID: 0}
    - target: {fileID: 5352228580199134249, guid: 96db4ce9c6c60b44b8254d0f9e24712e, type: 3}
      propertyPath: m_LocalRotation.x
      value: -0
      objectReference: {fileID: 0}
    - target: {fileID: 5352228580199134249, guid: 96db4ce9c6c60b44b8254d0f9e24712e, type: 3}
      propertyPath: m_LocalRotation.y
      value: -0
      objectReference: {fileID: 0}
    - target: {fileID: 5352228580199134249, guid: 96db4ce9c6c60b44b8254d0f9e24712e, type: 3}
      propertyPath: m_LocalRotation.z
      value: -0
      objectReference: {fileID: 0}
    - target: {fileID: 5352228580199134249, guid: 96db4ce9c6c60b44b8254d0f9e24712e, type: 3}
      propertyPath: m_LocalEulerAnglesHint.x
      value: 0
      objectReference: {fileID: 0}
    - target: {fileID: 5352228580199134249, guid: 96db4ce9c6c60b44b8254d0f9e24712e, type: 3}
      propertyPath: m_LocalEulerAnglesHint.y
      value: 0
      objectReference: {fileID: 0}
    - target: {fileID: 5352228580199134249, guid: 96db4ce9c6c60b44b8254d0f9e24712e, type: 3}
      propertyPath: m_LocalEulerAnglesHint.z
      value: 0
      objectReference: {fileID: 0}
    - target: {fileID: 7312030464980677138, guid: 96db4ce9c6c60b44b8254d0f9e24712e, type: 3}
      propertyPath: m_Name
      value: carpet
      objectReference: {fileID: 0}
    m_RemovedComponents: []
  m_SourcePrefab: {fileID: 100100000, guid: 96db4ce9c6c60b44b8254d0f9e24712e, type: 3}
--- !u!4 &7270837604728326065 stripped
Transform:
  m_CorrespondingSourceObject: {fileID: 5352228580199134249, guid: 96db4ce9c6c60b44b8254d0f9e24712e, type: 3}
  m_PrefabInstance: {fileID: 3360208475443704728}
  m_PrefabAsset: {fileID: 0}
--- !u!1001 &3391263205747645841
PrefabInstance:
  m_ObjectHideFlags: 0
  serializedVersion: 2
  m_Modification:
    m_TransformParent: {fileID: 4904622888411461213}
    m_Modifications:
    - target: {fileID: 5781960171999314707, guid: 6a8ae7d94dda2db438a1e644d3984615, type: 3}
      propertyPath: m_Name
      value: chair
      objectReference: {fileID: 0}
    - target: {fileID: 6060413670992391281, guid: 6a8ae7d94dda2db438a1e644d3984615, type: 3}
      propertyPath: m_RootOrder
      value: 15
      objectReference: {fileID: 0}
    - target: {fileID: 6060413670992391281, guid: 6a8ae7d94dda2db438a1e644d3984615, type: 3}
      propertyPath: m_LocalPosition.x
      value: 1.1587731
      objectReference: {fileID: 0}
    - target: {fileID: 6060413670992391281, guid: 6a8ae7d94dda2db438a1e644d3984615, type: 3}
      propertyPath: m_LocalPosition.y
      value: -1.411464
      objectReference: {fileID: 0}
    - target: {fileID: 6060413670992391281, guid: 6a8ae7d94dda2db438a1e644d3984615, type: 3}
      propertyPath: m_LocalPosition.z
      value: 0
      objectReference: {fileID: 0}
    - target: {fileID: 6060413670992391281, guid: 6a8ae7d94dda2db438a1e644d3984615, type: 3}
      propertyPath: m_LocalRotation.w
      value: 1
      objectReference: {fileID: 0}
    - target: {fileID: 6060413670992391281, guid: 6a8ae7d94dda2db438a1e644d3984615, type: 3}
      propertyPath: m_LocalRotation.x
      value: -0
      objectReference: {fileID: 0}
    - target: {fileID: 6060413670992391281, guid: 6a8ae7d94dda2db438a1e644d3984615, type: 3}
      propertyPath: m_LocalRotation.y
      value: -0
      objectReference: {fileID: 0}
    - target: {fileID: 6060413670992391281, guid: 6a8ae7d94dda2db438a1e644d3984615, type: 3}
      propertyPath: m_LocalRotation.z
      value: -0
      objectReference: {fileID: 0}
    - target: {fileID: 6060413670992391281, guid: 6a8ae7d94dda2db438a1e644d3984615, type: 3}
      propertyPath: m_LocalEulerAnglesHint.x
      value: 0
      objectReference: {fileID: 0}
    - target: {fileID: 6060413670992391281, guid: 6a8ae7d94dda2db438a1e644d3984615, type: 3}
      propertyPath: m_LocalEulerAnglesHint.y
      value: 0
      objectReference: {fileID: 0}
    - target: {fileID: 6060413670992391281, guid: 6a8ae7d94dda2db438a1e644d3984615, type: 3}
      propertyPath: m_LocalEulerAnglesHint.z
      value: 0
      objectReference: {fileID: 0}
    m_RemovedComponents: []
  m_SourcePrefab: {fileID: 100100000, guid: 6a8ae7d94dda2db438a1e644d3984615, type: 3}
--- !u!4 &8866116473246773728 stripped
Transform:
  m_CorrespondingSourceObject: {fileID: 6060413670992391281, guid: 6a8ae7d94dda2db438a1e644d3984615, type: 3}
  m_PrefabInstance: {fileID: 3391263205747645841}
  m_PrefabAsset: {fileID: 0}
--- !u!1001 &4064160121510097015
PrefabInstance:
  m_ObjectHideFlags: 0
  serializedVersion: 2
  m_Modification:
    m_TransformParent: {fileID: 4904622888411461213}
    m_Modifications:
    - target: {fileID: 1549563217743176237, guid: bb3a16c8bf216a14bbc91a37834e067b, type: 3}
      propertyPath: m_Name
      value: bedside table
      objectReference: {fileID: 0}
    - target: {fileID: 9134235235897270934, guid: bb3a16c8bf216a14bbc91a37834e067b, type: 3}
      propertyPath: m_RootOrder
      value: 10
      objectReference: {fileID: 0}
    - target: {fileID: 9134235235897270934, guid: bb3a16c8bf216a14bbc91a37834e067b, type: 3}
      propertyPath: m_LocalPosition.x
      value: 2.09
      objectReference: {fileID: 0}
    - target: {fileID: 9134235235897270934, guid: bb3a16c8bf216a14bbc91a37834e067b, type: 3}
      propertyPath: m_LocalPosition.y
      value: 3.57
      objectReference: {fileID: 0}
    - target: {fileID: 9134235235897270934, guid: bb3a16c8bf216a14bbc91a37834e067b, type: 3}
      propertyPath: m_LocalPosition.z
      value: 0
      objectReference: {fileID: 0}
    - target: {fileID: 9134235235897270934, guid: bb3a16c8bf216a14bbc91a37834e067b, type: 3}
      propertyPath: m_LocalRotation.w
      value: 1
      objectReference: {fileID: 0}
    - target: {fileID: 9134235235897270934, guid: bb3a16c8bf216a14bbc91a37834e067b, type: 3}
      propertyPath: m_LocalRotation.x
      value: -0
      objectReference: {fileID: 0}
    - target: {fileID: 9134235235897270934, guid: bb3a16c8bf216a14bbc91a37834e067b, type: 3}
      propertyPath: m_LocalRotation.y
      value: -0
      objectReference: {fileID: 0}
    - target: {fileID: 9134235235897270934, guid: bb3a16c8bf216a14bbc91a37834e067b, type: 3}
      propertyPath: m_LocalRotation.z
      value: -0
      objectReference: {fileID: 0}
    - target: {fileID: 9134235235897270934, guid: bb3a16c8bf216a14bbc91a37834e067b, type: 3}
      propertyPath: m_LocalEulerAnglesHint.x
      value: 0
      objectReference: {fileID: 0}
    - target: {fileID: 9134235235897270934, guid: bb3a16c8bf216a14bbc91a37834e067b, type: 3}
      propertyPath: m_LocalEulerAnglesHint.y
      value: 0
      objectReference: {fileID: 0}
    - target: {fileID: 9134235235897270934, guid: bb3a16c8bf216a14bbc91a37834e067b, type: 3}
      propertyPath: m_LocalEulerAnglesHint.z
      value: 0
      objectReference: {fileID: 0}
    m_RemovedComponents: []
  m_SourcePrefab: {fileID: 100100000, guid: bb3a16c8bf216a14bbc91a37834e067b, type: 3}
--- !u!4 &5090649313418777313 stripped
Transform:
  m_CorrespondingSourceObject: {fileID: 9134235235897270934, guid: bb3a16c8bf216a14bbc91a37834e067b, type: 3}
  m_PrefabInstance: {fileID: 4064160121510097015}
  m_PrefabAsset: {fileID: 0}
--- !u!114 &5358940114911773610 stripped
MonoBehaviour:
  m_CorrespondingSourceObject: {fileID: 8230341226487002077, guid: bb3a16c8bf216a14bbc91a37834e067b, type: 3}
  m_PrefabInstance: {fileID: 4064160121510097015}
  m_PrefabAsset: {fileID: 0}
  m_GameObject: {fileID: 0}
  m_Enabled: 1
  m_EditorHideFlags: 0
  m_Script: {fileID: 11500000, guid: 0b3703295d94df842ae7d67a388a265d, type: 3}
  m_Name: 
  m_EditorClassIdentifier: 
--- !u!1001 &4291348435554935261
PrefabInstance:
  m_ObjectHideFlags: 0
  serializedVersion: 2
  m_Modification:
    m_TransformParent: {fileID: 4904622888411461213}
    m_Modifications:
    - target: {fileID: 713849318075030436, guid: f80355355fd60b4448ce07faa5f04f1d, type: 3}
      propertyPath: m_Name
      value: single bed
      objectReference: {fileID: 0}
    - target: {fileID: 4979220069535132438, guid: f80355355fd60b4448ce07faa5f04f1d, type: 3}
      propertyPath: m_RootOrder
      value: 9
      objectReference: {fileID: 0}
    - target: {fileID: 4979220069535132438, guid: f80355355fd60b4448ce07faa5f04f1d, type: 3}
      propertyPath: m_LocalPosition.x
      value: 3.54
      objectReference: {fileID: 0}
    - target: {fileID: 4979220069535132438, guid: f80355355fd60b4448ce07faa5f04f1d, type: 3}
      propertyPath: m_LocalPosition.y
      value: 2.87
      objectReference: {fileID: 0}
    - target: {fileID: 4979220069535132438, guid: f80355355fd60b4448ce07faa5f04f1d, type: 3}
      propertyPath: m_LocalPosition.z
      value: 0
      objectReference: {fileID: 0}
    - target: {fileID: 4979220069535132438, guid: f80355355fd60b4448ce07faa5f04f1d, type: 3}
      propertyPath: m_LocalRotation.w
      value: 1
      objectReference: {fileID: 0}
    - target: {fileID: 4979220069535132438, guid: f80355355fd60b4448ce07faa5f04f1d, type: 3}
      propertyPath: m_LocalRotation.x
      value: -0
      objectReference: {fileID: 0}
    - target: {fileID: 4979220069535132438, guid: f80355355fd60b4448ce07faa5f04f1d, type: 3}
      propertyPath: m_LocalRotation.y
      value: -0
      objectReference: {fileID: 0}
    - target: {fileID: 4979220069535132438, guid: f80355355fd60b4448ce07faa5f04f1d, type: 3}
      propertyPath: m_LocalRotation.z
      value: -0
      objectReference: {fileID: 0}
    - target: {fileID: 4979220069535132438, guid: f80355355fd60b4448ce07faa5f04f1d, type: 3}
      propertyPath: m_LocalEulerAnglesHint.x
      value: 0
      objectReference: {fileID: 0}
    - target: {fileID: 4979220069535132438, guid: f80355355fd60b4448ce07faa5f04f1d, type: 3}
      propertyPath: m_LocalEulerAnglesHint.y
      value: 0
      objectReference: {fileID: 0}
    - target: {fileID: 4979220069535132438, guid: f80355355fd60b4448ce07faa5f04f1d, type: 3}
      propertyPath: m_LocalEulerAnglesHint.z
      value: 0
      objectReference: {fileID: 0}
    m_RemovedComponents: []
  m_SourcePrefab: {fileID: 100100000, guid: f80355355fd60b4448ce07faa5f04f1d, type: 3}
--- !u!4 &9121004136174521035 stripped
Transform:
  m_CorrespondingSourceObject: {fileID: 4979220069535132438, guid: f80355355fd60b4448ce07faa5f04f1d, type: 3}
  m_PrefabInstance: {fileID: 4291348435554935261}
  m_PrefabAsset: {fileID: 0}
--- !u!1001 &5005970028088516266
PrefabInstance:
  m_ObjectHideFlags: 0
  serializedVersion: 2
  m_Modification:
    m_TransformParent: {fileID: 4904622888411461213}
    m_Modifications:
    - target: {fileID: 2482828715568175929, guid: 36d5ffc2ae8a2d34688591124d3df255, type: 3}
      propertyPath: m_Name
      value: large bookcase
      objectReference: {fileID: 0}
    - target: {fileID: 8652587507165499027, guid: 36d5ffc2ae8a2d34688591124d3df255, type: 3}
      propertyPath: m_RootOrder
      value: 12
      objectReference: {fileID: 0}
    - target: {fileID: 8652587507165499027, guid: 36d5ffc2ae8a2d34688591124d3df255, type: 3}
      propertyPath: m_LocalPosition.x
      value: -2.77
      objectReference: {fileID: 0}
    - target: {fileID: 8652587507165499027, guid: 36d5ffc2ae8a2d34688591124d3df255, type: 3}
      propertyPath: m_LocalPosition.y
      value: -3.05
      objectReference: {fileID: 0}
    - target: {fileID: 8652587507165499027, guid: 36d5ffc2ae8a2d34688591124d3df255, type: 3}
      propertyPath: m_LocalPosition.z
      value: 0
      objectReference: {fileID: 0}
    - target: {fileID: 8652587507165499027, guid: 36d5ffc2ae8a2d34688591124d3df255, type: 3}
      propertyPath: m_LocalRotation.w
      value: 0.00000058114523
      objectReference: {fileID: 0}
    - target: {fileID: 8652587507165499027, guid: 36d5ffc2ae8a2d34688591124d3df255, type: 3}
      propertyPath: m_LocalRotation.x
      value: -0
      objectReference: {fileID: 0}
    - target: {fileID: 8652587507165499027, guid: 36d5ffc2ae8a2d34688591124d3df255, type: 3}
      propertyPath: m_LocalRotation.y
      value: -0
      objectReference: {fileID: 0}
    - target: {fileID: 8652587507165499027, guid: 36d5ffc2ae8a2d34688591124d3df255, type: 3}
      propertyPath: m_LocalRotation.z
      value: -1
      objectReference: {fileID: 0}
    - target: {fileID: 8652587507165499027, guid: 36d5ffc2ae8a2d34688591124d3df255, type: 3}
      propertyPath: m_LocalEulerAnglesHint.x
      value: 0
      objectReference: {fileID: 0}
    - target: {fileID: 8652587507165499027, guid: 36d5ffc2ae8a2d34688591124d3df255, type: 3}
      propertyPath: m_LocalEulerAnglesHint.y
      value: 0
      objectReference: {fileID: 0}
    - target: {fileID: 8652587507165499027, guid: 36d5ffc2ae8a2d34688591124d3df255, type: 3}
      propertyPath: m_LocalEulerAnglesHint.z
      value: -180
      objectReference: {fileID: 0}
    m_RemovedComponents: []
  m_SourcePrefab: {fileID: 100100000, guid: 36d5ffc2ae8a2d34688591124d3df255, type: 3}
--- !u!4 &4426173432943792185 stripped
Transform:
  m_CorrespondingSourceObject: {fileID: 8652587507165499027, guid: 36d5ffc2ae8a2d34688591124d3df255, type: 3}
  m_PrefabInstance: {fileID: 5005970028088516266}
  m_PrefabAsset: {fileID: 0}
--- !u!114 &7430287714290798331 stripped
MonoBehaviour:
  m_CorrespondingSourceObject: {fileID: 2478502037985644625, guid: 36d5ffc2ae8a2d34688591124d3df255, type: 3}
  m_PrefabInstance: {fileID: 5005970028088516266}
  m_PrefabAsset: {fileID: 0}
  m_GameObject: {fileID: 0}
  m_Enabled: 1
  m_EditorHideFlags: 0
  m_Script: {fileID: 11500000, guid: 0b3703295d94df842ae7d67a388a265d, type: 3}
  m_Name: 
  m_EditorClassIdentifier: 
--- !u!1001 &5725262018975546673
PrefabInstance:
  m_ObjectHideFlags: 0
  serializedVersion: 2
  m_Modification:
    m_TransformParent: {fileID: 4904622888411461213}
    m_Modifications:
    - target: {fileID: 591491262540115763, guid: 86faf7f3a4f89e04aad2de97b80df01c, type: 3}
      propertyPath: m_Name
      value: DoorClosedL
      objectReference: {fileID: 0}
    - target: {fileID: 5281559718746210929, guid: 86faf7f3a4f89e04aad2de97b80df01c, type: 3}
      propertyPath: m_RootOrder
      value: 0
      objectReference: {fileID: 0}
    - target: {fileID: 5281559718746210929, guid: 86faf7f3a4f89e04aad2de97b80df01c, type: 3}
      propertyPath: m_LocalPosition.x
      value: 0
      objectReference: {fileID: 0}
    - target: {fileID: 5281559718746210929, guid: 86faf7f3a4f89e04aad2de97b80df01c, type: 3}
      propertyPath: m_LocalPosition.y
      value: 0
      objectReference: {fileID: 0}
    - target: {fileID: 5281559718746210929, guid: 86faf7f3a4f89e04aad2de97b80df01c, type: 3}
      propertyPath: m_LocalPosition.z
      value: 0
      objectReference: {fileID: 0}
    - target: {fileID: 5281559718746210929, guid: 86faf7f3a4f89e04aad2de97b80df01c, type: 3}
      propertyPath: m_LocalRotation.w
      value: 1
      objectReference: {fileID: 0}
    - target: {fileID: 5281559718746210929, guid: 86faf7f3a4f89e04aad2de97b80df01c, type: 3}
      propertyPath: m_LocalRotation.x
      value: -0
      objectReference: {fileID: 0}
    - target: {fileID: 5281559718746210929, guid: 86faf7f3a4f89e04aad2de97b80df01c, type: 3}
      propertyPath: m_LocalRotation.y
      value: -0
      objectReference: {fileID: 0}
    - target: {fileID: 5281559718746210929, guid: 86faf7f3a4f89e04aad2de97b80df01c, type: 3}
      propertyPath: m_LocalRotation.z
      value: -0
      objectReference: {fileID: 0}
    - target: {fileID: 5281559718746210929, guid: 86faf7f3a4f89e04aad2de97b80df01c, type: 3}
      propertyPath: m_LocalEulerAnglesHint.x
      value: 0
      objectReference: {fileID: 0}
    - target: {fileID: 5281559718746210929, guid: 86faf7f3a4f89e04aad2de97b80df01c, type: 3}
      propertyPath: m_LocalEulerAnglesHint.y
      value: 0
      objectReference: {fileID: 0}
    - target: {fileID: 5281559718746210929, guid: 86faf7f3a4f89e04aad2de97b80df01c, type: 3}
      propertyPath: m_LocalEulerAnglesHint.z
      value: 0
      objectReference: {fileID: 0}
    m_RemovedComponents: []
  m_SourcePrefab: {fileID: 100100000, guid: 86faf7f3a4f89e04aad2de97b80df01c, type: 3}
--- !u!4 &450335688537407296 stripped
Transform:
  m_CorrespondingSourceObject: {fileID: 5281559718746210929, guid: 86faf7f3a4f89e04aad2de97b80df01c, type: 3}
  m_PrefabInstance: {fileID: 5725262018975546673}
  m_PrefabAsset: {fileID: 0}
--- !u!114 &8197416311274719057 stripped
MonoBehaviour:
  m_CorrespondingSourceObject: {fileID: 4519122313397369440, guid: 86faf7f3a4f89e04aad2de97b80df01c, type: 3}
  m_PrefabInstance: {fileID: 5725262018975546673}
  m_PrefabAsset: {fileID: 0}
  m_GameObject: {fileID: 0}
  m_Enabled: 1
  m_EditorHideFlags: 0
  m_Script: {fileID: 11500000, guid: 20230f457128d89458e86a3d45381f91, type: 3}
  m_Name: 
  m_EditorClassIdentifier: 
--- !u!1001 &6481360533031614705
PrefabInstance:
  m_ObjectHideFlags: 0
  serializedVersion: 2
  m_Modification:
    m_TransformParent: {fileID: 4904622888411461213}
    m_Modifications:
    - target: {fileID: 763662876105017555, guid: c187679b94f2499488b7fa62b282ba01, type: 3}
      propertyPath: m_RootOrder
      value: 11
      objectReference: {fileID: 0}
    - target: {fileID: 763662876105017555, guid: c187679b94f2499488b7fa62b282ba01, type: 3}
      propertyPath: m_LocalPosition.x
      value: -2.63
      objectReference: {fileID: 0}
    - target: {fileID: 763662876105017555, guid: c187679b94f2499488b7fa62b282ba01, type: 3}
      propertyPath: m_LocalPosition.y
      value: 3.54
      objectReference: {fileID: 0}
    - target: {fileID: 763662876105017555, guid: c187679b94f2499488b7fa62b282ba01, type: 3}
      propertyPath: m_LocalPosition.z
      value: 0
      objectReference: {fileID: 0}
    - target: {fileID: 763662876105017555, guid: c187679b94f2499488b7fa62b282ba01, type: 3}
      propertyPath: m_LocalRotation.w
      value: -1
      objectReference: {fileID: 0}
    - target: {fileID: 763662876105017555, guid: c187679b94f2499488b7fa62b282ba01, type: 3}
      propertyPath: m_LocalRotation.x
      value: -0
      objectReference: {fileID: 0}
    - target: {fileID: 763662876105017555, guid: c187679b94f2499488b7fa62b282ba01, type: 3}
      propertyPath: m_LocalRotation.y
      value: -0
      objectReference: {fileID: 0}
    - target: {fileID: 763662876105017555, guid: c187679b94f2499488b7fa62b282ba01, type: 3}
      propertyPath: m_LocalRotation.z
      value: 0.00000022351739
      objectReference: {fileID: 0}
    - target: {fileID: 763662876105017555, guid: c187679b94f2499488b7fa62b282ba01, type: 3}
      propertyPath: m_LocalEulerAnglesHint.x
      value: 0
      objectReference: {fileID: 0}
    - target: {fileID: 763662876105017555, guid: c187679b94f2499488b7fa62b282ba01, type: 3}
      propertyPath: m_LocalEulerAnglesHint.y
      value: 0
      objectReference: {fileID: 0}
    - target: {fileID: 763662876105017555, guid: c187679b94f2499488b7fa62b282ba01, type: 3}
      propertyPath: m_LocalEulerAnglesHint.z
      value: 360
      objectReference: {fileID: 0}
    - target: {fileID: 4306954321842035576, guid: c187679b94f2499488b7fa62b282ba01, type: 3}
      propertyPath: m_Name
      value: small bookcase
      objectReference: {fileID: 0}
    m_RemovedComponents: []
  m_SourcePrefab: {fileID: 100100000, guid: c187679b94f2499488b7fa62b282ba01, type: 3}
--- !u!4 &6011030371090657314 stripped
Transform:
  m_CorrespondingSourceObject: {fileID: 763662876105017555, guid: c187679b94f2499488b7fa62b282ba01, type: 3}
  m_PrefabInstance: {fileID: 6481360533031614705}
  m_PrefabAsset: {fileID: 0}
--- !u!114 &3122562670708666732 stripped
MonoBehaviour:
  m_CorrespondingSourceObject: {fileID: 8261845977953585565, guid: c187679b94f2499488b7fa62b282ba01, type: 3}
  m_PrefabInstance: {fileID: 6481360533031614705}
  m_PrefabAsset: {fileID: 0}
  m_GameObject: {fileID: 0}
  m_Enabled: 1
  m_EditorHideFlags: 0
  m_Script: {fileID: 11500000, guid: 0b3703295d94df842ae7d67a388a265d, type: 3}
  m_Name: 
  m_EditorClassIdentifier: 
--- !u!1001 &8538733692358860138
PrefabInstance:
  m_ObjectHideFlags: 0
  serializedVersion: 2
  m_Modification:
    m_TransformParent: {fileID: 4904622888411461213}
    m_Modifications:
    - target: {fileID: 1780053818713464090, guid: c4090b8156923034f9f466e085f8941e, type: 3}
      propertyPath: m_Name
      value: DoorClosedU
      objectReference: {fileID: 0}
    - target: {fileID: 2869089596857870936, guid: c4090b8156923034f9f466e085f8941e, type: 3}
      propertyPath: m_RootOrder
      value: 1
      objectReference: {fileID: 0}
    - target: {fileID: 2869089596857870936, guid: c4090b8156923034f9f466e085f8941e, type: 3}
      propertyPath: m_LocalPosition.x
      value: 0
      objectReference: {fileID: 0}
    - target: {fileID: 2869089596857870936, guid: c4090b8156923034f9f466e085f8941e, type: 3}
      propertyPath: m_LocalPosition.y
      value: 0
      objectReference: {fileID: 0}
    - target: {fileID: 2869089596857870936, guid: c4090b8156923034f9f466e085f8941e, type: 3}
      propertyPath: m_LocalPosition.z
      value: 0
      objectReference: {fileID: 0}
    - target: {fileID: 2869089596857870936, guid: c4090b8156923034f9f466e085f8941e, type: 3}
      propertyPath: m_LocalRotation.w
      value: 1
      objectReference: {fileID: 0}
    - target: {fileID: 2869089596857870936, guid: c4090b8156923034f9f466e085f8941e, type: 3}
      propertyPath: m_LocalRotation.x
      value: -0
      objectReference: {fileID: 0}
    - target: {fileID: 2869089596857870936, guid: c4090b8156923034f9f466e085f8941e, type: 3}
      propertyPath: m_LocalRotation.y
      value: -0
      objectReference: {fileID: 0}
    - target: {fileID: 2869089596857870936, guid: c4090b8156923034f9f466e085f8941e, type: 3}
      propertyPath: m_LocalRotation.z
      value: -0
      objectReference: {fileID: 0}
    - target: {fileID: 2869089596857870936, guid: c4090b8156923034f9f466e085f8941e, type: 3}
      propertyPath: m_LocalEulerAnglesHint.x
      value: 0
      objectReference: {fileID: 0}
    - target: {fileID: 2869089596857870936, guid: c4090b8156923034f9f466e085f8941e, type: 3}
      propertyPath: m_LocalEulerAnglesHint.y
      value: 0
      objectReference: {fileID: 0}
    - target: {fileID: 2869089596857870936, guid: c4090b8156923034f9f466e085f8941e, type: 3}
      propertyPath: m_LocalEulerAnglesHint.z
      value: 0
      objectReference: {fileID: 0}
    m_RemovedComponents: []
  m_SourcePrefab: {fileID: 100100000, guid: c4090b8156923034f9f466e085f8941e, type: 3}
--- !u!114 &4825712555776817804 stripped
MonoBehaviour:
  m_CorrespondingSourceObject: {fileID: 3785219471431280614, guid: c4090b8156923034f9f466e085f8941e, type: 3}
  m_PrefabInstance: {fileID: 8538733692358860138}
  m_PrefabAsset: {fileID: 0}
  m_GameObject: {fileID: 0}
  m_Enabled: 1
  m_EditorHideFlags: 0
  m_Script: {fileID: 11500000, guid: 20230f457128d89458e86a3d45381f91, type: 3}
  m_Name: 
  m_EditorClassIdentifier: 
--- !u!4 &5885818527193954098 stripped
Transform:
  m_CorrespondingSourceObject: {fileID: 2869089596857870936, guid: c4090b8156923034f9f466e085f8941e, type: 3}
  m_PrefabInstance: {fileID: 8538733692358860138}
  m_PrefabAsset: {fileID: 0}
--- !u!1001 &9012352688371330349
PrefabInstance:
  m_ObjectHideFlags: 0
  serializedVersion: 2
  m_Modification:
    m_TransformParent: {fileID: 4904622888411461213}
    m_Modifications:
    - target: {fileID: 4742424983612267866, guid: 1efe1ec9de1e36a4c87c5dd85d372ae6, type: 3}
      propertyPath: m_RootOrder
      value: 3
      objectReference: {fileID: 0}
    - target: {fileID: 4742424983612267866, guid: 1efe1ec9de1e36a4c87c5dd85d372ae6, type: 3}
      propertyPath: m_LocalPosition.x
      value: 0
      objectReference: {fileID: 0}
    - target: {fileID: 4742424983612267866, guid: 1efe1ec9de1e36a4c87c5dd85d372ae6, type: 3}
      propertyPath: m_LocalPosition.y
      value: 0
      objectReference: {fileID: 0}
    - target: {fileID: 4742424983612267866, guid: 1efe1ec9de1e36a4c87c5dd85d372ae6, type: 3}
      propertyPath: m_LocalPosition.z
      value: 0
      objectReference: {fileID: 0}
    - target: {fileID: 4742424983612267866, guid: 1efe1ec9de1e36a4c87c5dd85d372ae6, type: 3}
      propertyPath: m_LocalRotation.w
      value: 1
      objectReference: {fileID: 0}
    - target: {fileID: 4742424983612267866, guid: 1efe1ec9de1e36a4c87c5dd85d372ae6, type: 3}
      propertyPath: m_LocalRotation.x
      value: -0
      objectReference: {fileID: 0}
    - target: {fileID: 4742424983612267866, guid: 1efe1ec9de1e36a4c87c5dd85d372ae6, type: 3}
      propertyPath: m_LocalRotation.y
      value: -0
      objectReference: {fileID: 0}
    - target: {fileID: 4742424983612267866, guid: 1efe1ec9de1e36a4c87c5dd85d372ae6, type: 3}
      propertyPath: m_LocalRotation.z
      value: -0
      objectReference: {fileID: 0}
    - target: {fileID: 4742424983612267866, guid: 1efe1ec9de1e36a4c87c5dd85d372ae6, type: 3}
      propertyPath: m_LocalEulerAnglesHint.x
      value: 0
      objectReference: {fileID: 0}
    - target: {fileID: 4742424983612267866, guid: 1efe1ec9de1e36a4c87c5dd85d372ae6, type: 3}
      propertyPath: m_LocalEulerAnglesHint.y
      value: 0
      objectReference: {fileID: 0}
    - target: {fileID: 4742424983612267866, guid: 1efe1ec9de1e36a4c87c5dd85d372ae6, type: 3}
      propertyPath: m_LocalEulerAnglesHint.z
      value: 0
      objectReference: {fileID: 0}
    - target: {fileID: 7057019520123842007, guid: 1efe1ec9de1e36a4c87c5dd85d372ae6, type: 3}
      propertyPath: m_Name
      value: DoorClosedD
      objectReference: {fileID: 0}
    m_RemovedComponents: []
  m_SourcePrefab: {fileID: 100100000, guid: 1efe1ec9de1e36a4c87c5dd85d372ae6, type: 3}
--- !u!114 &5508269657512817110 stripped
MonoBehaviour:
  m_CorrespondingSourceObject: {fileID: 3558689318177725691, guid: 1efe1ec9de1e36a4c87c5dd85d372ae6, type: 3}
  m_PrefabInstance: {fileID: 9012352688371330349}
  m_PrefabAsset: {fileID: 0}
  m_GameObject: {fileID: 0}
  m_Enabled: 1
  m_EditorHideFlags: 0
  m_Script: {fileID: 11500000, guid: 20230f457128d89458e86a3d45381f91, type: 3}
  m_Name: 
  m_EditorClassIdentifier: 
--- !u!4 &4378120474975891575 stripped
Transform:
  m_CorrespondingSourceObject: {fileID: 4742424983612267866, guid: 1efe1ec9de1e36a4c87c5dd85d372ae6, type: 3}
  m_PrefabInstance: {fileID: 9012352688371330349}
  m_PrefabAsset: {fileID: 0}
