%YAML 1.1
%TAG !u! tag:unity3d.com,2011:
--- !u!1 &324125820471103504
GameObject:
  m_ObjectHideFlags: 0
  m_CorrespondingSourceObject: {fileID: 0}
  m_PrefabInstance: {fileID: 0}
  m_PrefabAsset: {fileID: 0}
  serializedVersion: 6
  m_Component:
  - component: {fileID: 8139709553301461421}
  - component: {fileID: 815542172155806946}
  m_Layer: 3
  m_Name: WallD
  m_TagString: Untagged
  m_Icon: {fileID: 0}
  m_NavMeshLayer: 0
  m_StaticEditorFlags: 0
  m_IsActive: 1
--- !u!4 &8139709553301461421
Transform:
  m_ObjectHideFlags: 0
  m_CorrespondingSourceObject: {fileID: 0}
  m_PrefabInstance: {fileID: 0}
  m_PrefabAsset: {fileID: 0}
  m_GameObject: {fileID: 324125820471103504}
  m_LocalRotation: {x: -0, y: -0, z: -0.70710677, w: 0.7071068}
  m_LocalPosition: {x: 0, y: 0, z: 0}
  m_LocalScale: {x: 1, y: 1, z: 1}
  m_Children: []
  m_Father: {fileID: 1992692689842788463}
  m_RootOrder: 9
  m_LocalEulerAnglesHint: {x: 0, y: 0, z: -90}
--- !u!61 &815542172155806946
BoxCollider2D:
  m_ObjectHideFlags: 0
  m_CorrespondingSourceObject: {fileID: 0}
  m_PrefabInstance: {fileID: 0}
  m_PrefabAsset: {fileID: 0}
  m_GameObject: {fileID: 324125820471103504}
  m_Enabled: 1
  m_Density: 1
  m_Material: {fileID: 0}
  m_IsTrigger: 0
  m_UsedByEffector: 0
  m_UsedByComposite: 0
  m_Offset: {x: 4.776335, y: -3.142187}
  m_SpriteTilingProperty:
    border: {x: 0, y: 0, z: 0, w: 0}
    pivot: {x: 0, y: 0}
    oldSize: {x: 0, y: 0}
    newSize: {x: 0, y: 0}
    adaptiveTilingThreshold: 0
    drawMode: 0
    adaptiveTiling: 0
  m_AutoTiling: 0
  serializedVersion: 2
  m_Size: {x: 1.2437668, y: 4.5173607}
  m_EdgeRadius: 0
--- !u!1 &726273134276132298
GameObject:
  m_ObjectHideFlags: 0
  m_CorrespondingSourceObject: {fileID: 0}
  m_PrefabInstance: {fileID: 0}
  m_PrefabAsset: {fileID: 0}
  serializedVersion: 6
  m_Component:
  - component: {fileID: 726273134276132148}
  - component: {fileID: 726273134276132149}
  - component: {fileID: 726273134276132150}
  - component: {fileID: 726273134276132151}
  - component: {fileID: 8803370399279498926}
  m_Layer: 10
  m_Name: canvas holder
  m_TagString: Untagged
  m_Icon: {fileID: 0}
  m_NavMeshLayer: 0
  m_StaticEditorFlags: 0
  m_IsActive: 1
--- !u!4 &726273134276132148
Transform:
  m_ObjectHideFlags: 0
  m_CorrespondingSourceObject: {fileID: 0}
  m_PrefabInstance: {fileID: 0}
  m_PrefabAsset: {fileID: 0}
  m_GameObject: {fileID: 726273134276132298}
  m_LocalRotation: {x: -0, y: -0, z: -0, w: 1}
  m_LocalPosition: {x: -0.96, y: 0.64, z: 0}
  m_LocalScale: {x: 1, y: 1, z: 1}
  m_Children:
  - {fileID: 726273134700829635}
  - {fileID: 1515833716789227066}
  m_Father: {fileID: 4904622888411461213}
  m_RootOrder: 6
  m_LocalEulerAnglesHint: {x: 0, y: 0, z: 0}
--- !u!212 &726273134276132149
SpriteRenderer:
  m_ObjectHideFlags: 0
  m_CorrespondingSourceObject: {fileID: 0}
  m_PrefabInstance: {fileID: 0}
  m_PrefabAsset: {fileID: 0}
  m_GameObject: {fileID: 726273134276132298}
  m_Enabled: 1
  m_CastShadows: 0
  m_ReceiveShadows: 0
  m_DynamicOccludee: 1
  m_MotionVectors: 1
  m_LightProbeUsage: 1
  m_ReflectionProbeUsage: 1
  m_RayTracingMode: 0
  m_RayTraceProcedural: 0
  m_RenderingLayerMask: 1
  m_RendererPriority: 0
  m_Materials:
  - {fileID: 10754, guid: 0000000000000000f000000000000000, type: 0}
  m_StaticBatchInfo:
    firstSubMesh: 0
    subMeshCount: 0
  m_StaticBatchRoot: {fileID: 0}
  m_ProbeAnchor: {fileID: 0}
  m_LightProbeVolumeOverride: {fileID: 0}
  m_ScaleInLightmap: 1
  m_ReceiveGI: 1
  m_PreserveUVs: 0
  m_IgnoreNormalsForChartDetection: 0
  m_ImportantGI: 0
  m_StitchLightmapSeams: 1
  m_SelectedEditorRenderState: 0
  m_MinimumChartSize: 4
  m_AutoUVMaxDistance: 0.5
  m_AutoUVMaxAngle: 89
  m_LightmapParameters: {fileID: 0}
  m_SortingLayerID: -430723727
  m_SortingLayer: 2
  m_SortingOrder: 0
  m_Sprite: {fileID: 21300000, guid: 14f647249faaa5f4eb2ae8ceadf1507f, type: 3}
  m_Color: {r: 1, g: 1, b: 1, a: 1}
  m_FlipX: 0
  m_FlipY: 0
  m_DrawMode: 0
  m_Size: {x: 1.76, y: 1.52}
  m_AdaptiveModeThreshold: 0.5
  m_SpriteTileMode: 0
  m_WasSpriteAssigned: 1
  m_MaskInteraction: 0
  m_SpriteSortPoint: 0
--- !u!61 &726273134276132150
BoxCollider2D:
  m_ObjectHideFlags: 0
  m_CorrespondingSourceObject: {fileID: 0}
  m_PrefabInstance: {fileID: 0}
  m_PrefabAsset: {fileID: 0}
  m_GameObject: {fileID: 726273134276132298}
  m_Enabled: 1
  m_Density: 1
  m_Material: {fileID: 0}
  m_IsTrigger: 0
  m_UsedByEffector: 0
  m_UsedByComposite: 0
  m_Offset: {x: 0.00067287683, y: 0.29616034}
  m_SpriteTilingProperty:
    border: {x: 0, y: 0, z: 0, w: 0}
    pivot: {x: 0.5, y: 0.1}
    oldSize: {x: 1.76, y: 1.52}
    newSize: {x: 1.76, y: 1.52}
    adaptiveTilingThreshold: 0.5
    drawMode: 0
    adaptiveTiling: 0
  m_AutoTiling: 0
  serializedVersion: 2
  m_Size: {x: 0.9635949, y: 0.38471138}
  m_EdgeRadius: 0
--- !u!50 &726273134276132151
Rigidbody2D:
  serializedVersion: 4
  m_ObjectHideFlags: 0
  m_CorrespondingSourceObject: {fileID: 0}
  m_PrefabInstance: {fileID: 0}
  m_PrefabAsset: {fileID: 0}
  m_GameObject: {fileID: 726273134276132298}
  m_BodyType: 1
  m_Simulated: 1
  m_UseFullKinematicContacts: 0
  m_UseAutoMass: 0
  m_Mass: 1
  m_LinearDrag: 0
  m_AngularDrag: 0.05
  m_GravityScale: 1
  m_Material: {fileID: 0}
  m_Interpolate: 0
  m_SleepingMode: 1
  m_CollisionDetection: 1
  m_Constraints: 0
--- !u!114 &8803370399279498926
MonoBehaviour:
  m_ObjectHideFlags: 0
  m_CorrespondingSourceObject: {fileID: 0}
  m_PrefabInstance: {fileID: 0}
  m_PrefabAsset: {fileID: 0}
  m_GameObject: {fileID: 726273134276132298}
  m_Enabled: 1
  m_EditorHideFlags: 0
  m_Script: {fileID: 11500000, guid: f9cb9c953472f3247969ecfa32f3a78b, type: 3}
  m_Name: 
  m_EditorClassIdentifier: 
--- !u!1 &726273134700829632
GameObject:
  m_ObjectHideFlags: 0
  m_CorrespondingSourceObject: {fileID: 0}
  m_PrefabInstance: {fileID: 0}
  m_PrefabAsset: {fileID: 0}
  serializedVersion: 6
  m_Component:
  - component: {fileID: 726273134700829635}
  - component: {fileID: 726273134700829634}
  - component: {fileID: 1962045340704361885}
  m_Layer: 10
  m_Name: canvas
  m_TagString: Untagged
  m_Icon: {fileID: 0}
  m_NavMeshLayer: 0
  m_StaticEditorFlags: 0
  m_IsActive: 0
--- !u!4 &726273134700829635
Transform:
  m_ObjectHideFlags: 0
  m_CorrespondingSourceObject: {fileID: 0}
  m_PrefabInstance: {fileID: 0}
  m_PrefabAsset: {fileID: 0}
  m_GameObject: {fileID: 726273134700829632}
  m_LocalRotation: {x: -0, y: -0, z: -0, w: 1}
  m_LocalPosition: {x: -0.001, y: 0.462, z: 0}
  m_LocalScale: {x: 1, y: 1, z: 1}
  m_Children: []
  m_Father: {fileID: 726273134276132148}
  m_RootOrder: 0
  m_LocalEulerAnglesHint: {x: 0, y: 0, z: 0}
--- !u!212 &726273134700829634
SpriteRenderer:
  m_ObjectHideFlags: 0
  m_CorrespondingSourceObject: {fileID: 0}
  m_PrefabInstance: {fileID: 0}
  m_PrefabAsset: {fileID: 0}
  m_GameObject: {fileID: 726273134700829632}
  m_Enabled: 1
  m_CastShadows: 0
  m_ReceiveShadows: 0
  m_DynamicOccludee: 1
  m_MotionVectors: 1
  m_LightProbeUsage: 1
  m_ReflectionProbeUsage: 1
  m_RayTracingMode: 0
  m_RayTraceProcedural: 0
  m_RenderingLayerMask: 1
  m_RendererPriority: 0
  m_Materials:
  - {fileID: 10754, guid: 0000000000000000f000000000000000, type: 0}
  m_StaticBatchInfo:
    firstSubMesh: 0
    subMeshCount: 0
  m_StaticBatchRoot: {fileID: 0}
  m_ProbeAnchor: {fileID: 0}
  m_LightProbeVolumeOverride: {fileID: 0}
  m_ScaleInLightmap: 1
  m_ReceiveGI: 1
  m_PreserveUVs: 0
  m_IgnoreNormalsForChartDetection: 0
  m_ImportantGI: 0
  m_StitchLightmapSeams: 1
  m_SelectedEditorRenderState: 0
  m_MinimumChartSize: 4
  m_AutoUVMaxDistance: 0.5
  m_AutoUVMaxAngle: 89
  m_LightmapParameters: {fileID: 0}
  m_SortingLayerID: -430723727
  m_SortingLayer: 2
  m_SortingOrder: 0
  m_Sprite: {fileID: 21300000, guid: a8483f31b7f50214cbcfa12238ad42c0, type: 3}
  m_Color: {r: 1, g: 1, b: 1, a: 1}
  m_FlipX: 0
  m_FlipY: 0
  m_DrawMode: 0
  m_Size: {x: 0.76, y: 0.59}
  m_AdaptiveModeThreshold: 0.5
  m_SpriteTileMode: 0
  m_WasSpriteAssigned: 1
  m_MaskInteraction: 0
  m_SpriteSortPoint: 0
--- !u!114 &1962045340704361885
MonoBehaviour:
  m_ObjectHideFlags: 0
  m_CorrespondingSourceObject: {fileID: 0}
  m_PrefabInstance: {fileID: 0}
  m_PrefabAsset: {fileID: 0}
  m_GameObject: {fileID: 726273134700829632}
  m_Enabled: 1
  m_EditorHideFlags: 0
  m_Script: {fileID: 11500000, guid: f9cb9c953472f3247969ecfa32f3a78b, type: 3}
  m_Name: 
  m_EditorClassIdentifier: 
--- !u!1 &1026534580438210052
GameObject:
  m_ObjectHideFlags: 0
  m_CorrespondingSourceObject: {fileID: 0}
  m_PrefabInstance: {fileID: 0}
  m_PrefabAsset: {fileID: 0}
  serializedVersion: 6
  m_Component:
  - component: {fileID: 5661646885716580307}
  m_Layer: 0
  m_Name: SpotU
  m_TagString: Untagged
  m_Icon: {fileID: 7866945982896999795, guid: 0000000000000000d000000000000000, type: 0}
  m_NavMeshLayer: 0
  m_StaticEditorFlags: 0
  m_IsActive: 1
--- !u!4 &5661646885716580307
Transform:
  m_ObjectHideFlags: 0
  m_CorrespondingSourceObject: {fileID: 0}
  m_PrefabInstance: {fileID: 0}
  m_PrefabAsset: {fileID: 0}
  m_GameObject: {fileID: 1026534580438210052}
  m_LocalRotation: {x: 0, y: 0, z: 0, w: 1}
  m_LocalPosition: {x: 0, y: 3.95, z: 0}
  m_LocalScale: {x: 1, y: 1, z: 1}
  m_Children: []
  m_Father: {fileID: 7375551934718025522}
  m_RootOrder: 1
  m_LocalEulerAnglesHint: {x: 0, y: 0, z: 0}
--- !u!1 &1055757543189731876
GameObject:
  m_ObjectHideFlags: 0
  m_CorrespondingSourceObject: {fileID: 0}
  m_PrefabInstance: {fileID: 0}
  m_PrefabAsset: {fileID: 0}
  serializedVersion: 6
  m_Component:
  - component: {fileID: 1515833716789227066}
  - component: {fileID: 8299331877252535287}
  - component: {fileID: 5088067928925912501}
  m_Layer: 10
  m_Name: EndGame
  m_TagString: Untagged
  m_Icon: {fileID: 0}
  m_NavMeshLayer: 0
  m_StaticEditorFlags: 0
  m_IsActive: 1
--- !u!4 &1515833716789227066
Transform:
  m_ObjectHideFlags: 0
  m_CorrespondingSourceObject: {fileID: 0}
  m_PrefabInstance: {fileID: 0}
  m_PrefabAsset: {fileID: 0}
  m_GameObject: {fileID: 1055757543189731876}
  m_LocalRotation: {x: 0, y: 0, z: 0, w: 1}
  m_LocalPosition: {x: 0, y: 0, z: 0}
  m_LocalScale: {x: 1, y: 1, z: 1}
  m_Children: []
  m_Father: {fileID: 726273134276132148}
  m_RootOrder: 1
  m_LocalEulerAnglesHint: {x: 0, y: 0, z: 0}
--- !u!114 &8299331877252535287
MonoBehaviour:
  m_ObjectHideFlags: 0
  m_CorrespondingSourceObject: {fileID: 0}
  m_PrefabInstance: {fileID: 0}
  m_PrefabAsset: {fileID: 0}
  m_GameObject: {fileID: 1055757543189731876}
  m_Enabled: 1
  m_EditorHideFlags: 0
  m_Script: {fileID: 11500000, guid: 28edb9df97a717e459397a3eb3492471, type: 3}
  m_Name: 
  m_EditorClassIdentifier: 
--- !u!61 &5088067928925912501
BoxCollider2D:
  m_ObjectHideFlags: 0
  m_CorrespondingSourceObject: {fileID: 0}
  m_PrefabInstance: {fileID: 0}
  m_PrefabAsset: {fileID: 0}
  m_GameObject: {fileID: 1055757543189731876}
  m_Enabled: 1
  m_Density: 1
  m_Material: {fileID: 0}
  m_IsTrigger: 1
  m_UsedByEffector: 0
  m_UsedByComposite: 0
  m_Offset: {x: 0.0030507445, y: -0.009152561}
  m_SpriteTilingProperty:
    border: {x: 0, y: 0, z: 0, w: 0}
    pivot: {x: 0, y: 0}
    oldSize: {x: 0, y: 0}
    newSize: {x: 0, y: 0}
    adaptiveTilingThreshold: 0
    drawMode: 0
    adaptiveTiling: 0
  m_AutoTiling: 0
  serializedVersion: 2
  m_Size: {x: 1.1525434, y: 0.50576}
  m_EdgeRadius: 0
--- !u!1 &1110215845392974712
GameObject:
  m_ObjectHideFlags: 0
  m_CorrespondingSourceObject: {fileID: 0}
  m_PrefabInstance: {fileID: 0}
  m_PrefabAsset: {fileID: 0}
  serializedVersion: 6
  m_Component:
  - component: {fileID: 7594555948996062773}
  - component: {fileID: 1414985291658488815}
  m_Layer: 6
  m_Name: WallDDoor
  m_TagString: Untagged
  m_Icon: {fileID: 0}
  m_NavMeshLayer: 0
  m_StaticEditorFlags: 0
  m_IsActive: 1
--- !u!4 &7594555948996062773
Transform:
  m_ObjectHideFlags: 0
  m_CorrespondingSourceObject: {fileID: 0}
  m_PrefabInstance: {fileID: 0}
  m_PrefabAsset: {fileID: 0}
  m_GameObject: {fileID: 1110215845392974712}
  m_LocalRotation: {x: -0, y: -0, z: -0.70710677, w: 0.7071068}
  m_LocalPosition: {x: 0, y: 0, z: 0}
  m_LocalScale: {x: 1, y: 1, z: 1}
  m_Children: []
  m_Father: {fileID: 1992692689842788463}
  m_RootOrder: 10
  m_LocalEulerAnglesHint: {x: 0, y: 0, z: -90}
--- !u!61 &1414985291658488815
BoxCollider2D:
  m_ObjectHideFlags: 0
  m_CorrespondingSourceObject: {fileID: 0}
  m_PrefabInstance: {fileID: 0}
  m_PrefabAsset: {fileID: 0}
  m_GameObject: {fileID: 1110215845392974712}
  m_Enabled: 1
  m_Density: 1
  m_Material: {fileID: 0}
  m_IsTrigger: 0
  m_UsedByEffector: 0
  m_UsedByComposite: 0
  m_Offset: {x: 4.776335, y: 0.0036633015}
  m_SpriteTilingProperty:
    border: {x: 0, y: 0, z: 0, w: 0}
    pivot: {x: 0, y: 0}
    oldSize: {x: 0, y: 0}
    newSize: {x: 0, y: 0}
    adaptiveTilingThreshold: 0
    drawMode: 0
    adaptiveTiling: 0
  m_AutoTiling: 0
  serializedVersion: 2
  m_Size: {x: 1.2437668, y: 10.809061}
  m_EdgeRadius: 0
--- !u!1 &1316048657538048248
GameObject:
  m_ObjectHideFlags: 0
  m_CorrespondingSourceObject: {fileID: 0}
  m_PrefabInstance: {fileID: 0}
  m_PrefabAsset: {fileID: 0}
  serializedVersion: 6
  m_Component:
  - component: {fileID: 7501373092676342885}
  - component: {fileID: 8841208672985173884}
  m_Layer: 3
  m_Name: WallU
  m_TagString: Untagged
  m_Icon: {fileID: 0}
  m_NavMeshLayer: 0
  m_StaticEditorFlags: 0
  m_IsActive: 1
--- !u!4 &7501373092676342885
Transform:
  m_ObjectHideFlags: 0
  m_CorrespondingSourceObject: {fileID: 0}
  m_PrefabInstance: {fileID: 0}
  m_PrefabAsset: {fileID: 0}
  m_GameObject: {fileID: 1316048657538048248}
  m_LocalRotation: {x: -0, y: -0, z: -0.7071069, w: -0.7071067}
  m_LocalPosition: {x: 0, y: 0, z: 0}
  m_LocalScale: {x: 1, y: 1, z: 1}
  m_Children: []
  m_Father: {fileID: 1992692689842788463}
  m_RootOrder: 3
  m_LocalEulerAnglesHint: {x: 0, y: 0, z: -270}
--- !u!61 &8841208672985173884
BoxCollider2D:
  m_ObjectHideFlags: 0
  m_CorrespondingSourceObject: {fileID: 0}
  m_PrefabInstance: {fileID: 0}
  m_PrefabAsset: {fileID: 0}
  m_GameObject: {fileID: 1316048657538048248}
  m_Enabled: 1
  m_Density: 1
  m_Material: {fileID: 0}
  m_IsTrigger: 0
  m_UsedByEffector: 0
  m_UsedByComposite: 0
  m_Offset: {x: 4.776335, y: 3.1581554}
  m_SpriteTilingProperty:
    border: {x: 0, y: 0, z: 0, w: 0}
    pivot: {x: 0, y: 0}
    oldSize: {x: 0, y: 0}
    newSize: {x: 0, y: 0}
    adaptiveTilingThreshold: 0
    drawMode: 0
    adaptiveTiling: 0
  m_AutoTiling: 0
  serializedVersion: 2
  m_Size: {x: 1.2437668, y: 4.5000763}
  m_EdgeRadius: 0
--- !u!1 &2152834265741341378
GameObject:
  m_ObjectHideFlags: 0
  m_CorrespondingSourceObject: {fileID: 0}
  m_PrefabInstance: {fileID: 0}
  m_PrefabAsset: {fileID: 0}
  serializedVersion: 6
  m_Component:
  - component: {fileID: 4918272420738275002}
  - component: {fileID: 8966947271418022246}
  m_Layer: 3
  m_Name: WallL (1)
  m_TagString: Untagged
  m_Icon: {fileID: 0}
  m_NavMeshLayer: 0
  m_StaticEditorFlags: 0
  m_IsActive: 1
--- !u!4 &4918272420738275002
Transform:
  m_ObjectHideFlags: 0
  m_CorrespondingSourceObject: {fileID: 0}
  m_PrefabInstance: {fileID: 0}
  m_PrefabAsset: {fileID: 0}
  m_GameObject: {fileID: 2152834265741341378}
  m_LocalRotation: {x: -0, y: -0, z: -1, w: 0.000000104308114}
  m_LocalPosition: {x: 0, y: 0, z: 0}
  m_LocalScale: {x: 1, y: 1, z: 1}
  m_Children: []
  m_Father: {fileID: 1992692689842788463}
  m_RootOrder: 2
  m_LocalEulerAnglesHint: {x: 0, y: 0, z: -180}
--- !u!61 &8966947271418022246
BoxCollider2D:
  m_ObjectHideFlags: 0
  m_CorrespondingSourceObject: {fileID: 0}
  m_PrefabInstance: {fileID: 0}
  m_PrefabAsset: {fileID: 0}
  m_GameObject: {fileID: 2152834265741341378}
  m_Enabled: 1
  m_Density: 1
  m_Material: {fileID: 0}
  m_IsTrigger: 0
  m_UsedByEffector: 0
  m_UsedByComposite: 0
  m_Offset: {x: 4.776335, y: -3.1853993}
  m_SpriteTilingProperty:
    border: {x: 0, y: 0, z: 0, w: 0}
    pivot: {x: 0, y: 0}
    oldSize: {x: 0, y: 0}
    newSize: {x: 0, y: 0}
    adaptiveTilingThreshold: 0
    drawMode: 0
    adaptiveTiling: 0
  m_AutoTiling: 0
  serializedVersion: 2
  m_Size: {x: 1.2437668, y: 4.4309363}
  m_EdgeRadius: 0
--- !u!1 &2323772821904857918
GameObject:
  m_ObjectHideFlags: 0
  m_CorrespondingSourceObject: {fileID: 0}
  m_PrefabInstance: {fileID: 0}
  m_PrefabAsset: {fileID: 0}
  serializedVersion: 6
  m_Component:
  - component: {fileID: 1020013111128341865}
  - component: {fileID: 7994213842661982377}
  m_Layer: 6
  m_Name: WallLDoor
  m_TagString: Untagged
  m_Icon: {fileID: 0}
  m_NavMeshLayer: 0
  m_StaticEditorFlags: 0
  m_IsActive: 1
--- !u!4 &1020013111128341865
Transform:
  m_ObjectHideFlags: 0
  m_CorrespondingSourceObject: {fileID: 0}
  m_PrefabInstance: {fileID: 0}
  m_PrefabAsset: {fileID: 0}
  m_GameObject: {fileID: 2323772821904857918}
  m_LocalRotation: {x: -0, y: -0, z: -1, w: 0.000000104308114}
  m_LocalPosition: {x: 0, y: 0, z: 0}
  m_LocalScale: {x: 1, y: 1, z: 1}
  m_Children: []
  m_Father: {fileID: 1992692689842788463}
  m_RootOrder: 1
  m_LocalEulerAnglesHint: {x: 0, y: 0, z: -180}
--- !u!61 &7994213842661982377
BoxCollider2D:
  m_ObjectHideFlags: 0
  m_CorrespondingSourceObject: {fileID: 0}
  m_PrefabInstance: {fileID: 0}
  m_PrefabAsset: {fileID: 0}
  m_GameObject: {fileID: 2323772821904857918}
  m_Enabled: 1
  m_Density: 1
  m_Material: {fileID: 0}
  m_IsTrigger: 0
  m_UsedByEffector: 0
  m_UsedByComposite: 0
  m_Offset: {x: 4.776335, y: 0.0036633015}
  m_SpriteTilingProperty:
    border: {x: 0, y: 0, z: 0, w: 0}
    pivot: {x: 0, y: 0}
    oldSize: {x: 0, y: 0}
    newSize: {x: 0, y: 0}
    adaptiveTilingThreshold: 0
    drawMode: 0
    adaptiveTiling: 0
  m_AutoTiling: 0
  serializedVersion: 2
  m_Size: {x: 1.2437668, y: 10.809061}
  m_EdgeRadius: 0
--- !u!1 &4904622888411461215
GameObject:
  m_ObjectHideFlags: 0
  m_CorrespondingSourceObject: {fileID: 0}
  m_PrefabInstance: {fileID: 0}
  m_PrefabAsset: {fileID: 0}
  serializedVersion: 6
  m_Component:
  - component: {fileID: 4904622888411461213}
  - component: {fileID: 4904622888411461212}
  - component: {fileID: 4904622888411461202}
  m_Layer: 0
  m_Name: CenterRoom
  m_TagString: Untagged
  m_Icon: {fileID: 0}
  m_NavMeshLayer: 0
  m_StaticEditorFlags: 0
  m_IsActive: 1
--- !u!4 &4904622888411461213
Transform:
  m_ObjectHideFlags: 0
  m_CorrespondingSourceObject: {fileID: 0}
  m_PrefabInstance: {fileID: 0}
  m_PrefabAsset: {fileID: 0}
  m_GameObject: {fileID: 4904622888411461215}
  m_LocalRotation: {x: 0, y: 0, z: 0, w: 1}
  m_LocalPosition: {x: 0, y: 0, z: 0}
  m_LocalScale: {x: 1, y: 1, z: 1}
  m_Children:
  - {fileID: 7319722569323501714}
  - {fileID: 2282160245147596780}
  - {fileID: 6348313018728083985}
  - {fileID: 727171808232862629}
  - {fileID: 1992692689842788463}
  - {fileID: 7375551934718025522}
  - {fileID: 726273134276132148}
  - {fileID: 2204320729775121353}
  - {fileID: 244254126408152867}
  - {fileID: 9065798779079928994}
  - {fileID: 4905168549849622845}
  - {fileID: 8827482840227362500}
  - {fileID: 6928067264285712030}
  - {fileID: 5585263347893001780}
  m_Father: {fileID: 0}
  m_RootOrder: 0
  m_LocalEulerAnglesHint: {x: 0, y: 0, z: 0}
--- !u!212 &4904622888411461212
SpriteRenderer:
  m_ObjectHideFlags: 0
  m_CorrespondingSourceObject: {fileID: 0}
  m_PrefabInstance: {fileID: 0}
  m_PrefabAsset: {fileID: 0}
  m_GameObject: {fileID: 4904622888411461215}
  m_Enabled: 1
  m_CastShadows: 0
  m_ReceiveShadows: 0
  m_DynamicOccludee: 1
  m_MotionVectors: 1
  m_LightProbeUsage: 1
  m_ReflectionProbeUsage: 1
  m_RayTracingMode: 0
  m_RayTraceProcedural: 0
  m_RenderingLayerMask: 1
  m_RendererPriority: 0
  m_Materials:
  - {fileID: 10754, guid: 0000000000000000f000000000000000, type: 0}
  m_StaticBatchInfo:
    firstSubMesh: 0
    subMeshCount: 0
  m_StaticBatchRoot: {fileID: 0}
  m_ProbeAnchor: {fileID: 0}
  m_LightProbeVolumeOverride: {fileID: 0}
  m_ScaleInLightmap: 1
  m_ReceiveGI: 1
  m_PreserveUVs: 0
  m_IgnoreNormalsForChartDetection: 0
  m_ImportantGI: 0
  m_StitchLightmapSeams: 1
  m_SelectedEditorRenderState: 0
  m_MinimumChartSize: 4
  m_AutoUVMaxDistance: 0.5
  m_AutoUVMaxAngle: 89
  m_LightmapParameters: {fileID: 0}
  m_SortingLayerID: 0
  m_SortingLayer: 0
  m_SortingOrder: 0
  m_Sprite: {fileID: 21300000, guid: f66eb909ece112544b691dd7eff4ea5a, type: 3}
  m_Color: {r: 1, g: 1, b: 1, a: 1}
  m_FlipX: 0
  m_FlipY: 0
  m_DrawMode: 0
  m_Size: {x: 10.8, y: 10.8}
  m_AdaptiveModeThreshold: 0.5
  m_SpriteTileMode: 0
  m_WasSpriteAssigned: 1
  m_MaskInteraction: 0
  m_SpriteSortPoint: 0
--- !u!114 &4904622888411461202
MonoBehaviour:
  m_ObjectHideFlags: 0
  m_CorrespondingSourceObject: {fileID: 0}
  m_PrefabInstance: {fileID: 0}
  m_PrefabAsset: {fileID: 0}
  m_GameObject: {fileID: 4904622888411461215}
  m_Enabled: 1
  m_EditorHideFlags: 0
  m_Script: {fileID: 11500000, guid: 02e8cb774bb9b0449a75b20a74a0d947, type: 3}
  m_Name: 
  m_EditorClassIdentifier: 
  doorColliders:
  - {fileID: 2323772821904857918}
  - {fileID: 5402312392433377443}
  - {fileID: 8476725613135539291}
  - {fileID: 1110215845392974712}
  SiblingRooms: []
  doors:
  - {fileID: 1326340589286449283}
  - {fileID: 935935507521387090}
  - {fileID: 7834276456873294931}
  - {fileID: 8837212118931845636}
  doorSpots:
  - {fileID: 3813493909276225697}
  - {fileID: 5661646885716580307}
  - {fileID: 5822918723941730239}
  - {fileID: 2310423310329808640}
  generated: 0
  isHalfRoom: 0
  isSpecial: 0
  searchableObjects: []
  searchedObjectName: 
--- !u!1 &4933738881188349263
GameObject:
  m_ObjectHideFlags: 0
  m_CorrespondingSourceObject: {fileID: 0}
  m_PrefabInstance: {fileID: 0}
  m_PrefabAsset: {fileID: 0}
  serializedVersion: 6
  m_Component:
  - component: {fileID: 7375551934718025522}
  m_Layer: 0
  m_Name: DoorSpots
  m_TagString: Untagged
  m_Icon: {fileID: 0}
  m_NavMeshLayer: 0
  m_StaticEditorFlags: 0
  m_IsActive: 1
--- !u!4 &7375551934718025522
Transform:
  m_ObjectHideFlags: 0
  m_CorrespondingSourceObject: {fileID: 0}
  m_PrefabInstance: {fileID: 0}
  m_PrefabAsset: {fileID: 0}
  m_GameObject: {fileID: 4933738881188349263}
  m_LocalRotation: {x: -0, y: -0, z: -0, w: 1}
  m_LocalPosition: {x: 0, y: 0, z: 0}
  m_LocalScale: {x: 1, y: 1, z: 1}
  m_Children:
  - {fileID: 3813493909276225697}
  - {fileID: 5661646885716580307}
  - {fileID: 5822918723941730239}
  - {fileID: 2310423310329808640}
  m_Father: {fileID: 4904622888411461213}
  m_RootOrder: 5
  m_LocalEulerAnglesHint: {x: 0, y: 0, z: 0}
--- !u!1 &5073292705413703912
GameObject:
  m_ObjectHideFlags: 0
  m_CorrespondingSourceObject: {fileID: 0}
  m_PrefabInstance: {fileID: 0}
  m_PrefabAsset: {fileID: 0}
  serializedVersion: 6
  m_Component:
  - component: {fileID: 3813493909276225697}
  m_Layer: 0
  m_Name: SpotL
  m_TagString: Untagged
  m_Icon: {fileID: 7866945982896999795, guid: 0000000000000000d000000000000000, type: 0}
  m_NavMeshLayer: 0
  m_StaticEditorFlags: 0
  m_IsActive: 1
--- !u!4 &3813493909276225697
Transform:
  m_ObjectHideFlags: 0
  m_CorrespondingSourceObject: {fileID: 0}
  m_PrefabInstance: {fileID: 0}
  m_PrefabAsset: {fileID: 0}
  m_GameObject: {fileID: 5073292705413703912}
  m_LocalRotation: {x: 0, y: 0, z: 0, w: 1}
  m_LocalPosition: {x: -3.95, y: 0, z: 0}
  m_LocalScale: {x: 1, y: 1, z: 1}
  m_Children: []
  m_Father: {fileID: 7375551934718025522}
  m_RootOrder: 0
  m_LocalEulerAnglesHint: {x: 0, y: 0, z: 0}
--- !u!1 &5378795344694189333
GameObject:
  m_ObjectHideFlags: 0
  m_CorrespondingSourceObject: {fileID: 0}
  m_PrefabInstance: {fileID: 0}
  m_PrefabAsset: {fileID: 0}
  serializedVersion: 6
  m_Component:
  - component: {fileID: 1992692689842788463}
  - component: {fileID: 1006057638998103294}
  m_Layer: 0
  m_Name: Colliders
  m_TagString: Untagged
  m_Icon: {fileID: 0}
  m_NavMeshLayer: 0
  m_StaticEditorFlags: 0
  m_IsActive: 1
--- !u!4 &1992692689842788463
Transform:
  m_ObjectHideFlags: 0
  m_CorrespondingSourceObject: {fileID: 0}
  m_PrefabInstance: {fileID: 0}
  m_PrefabAsset: {fileID: 0}
  m_GameObject: {fileID: 5378795344694189333}
  m_LocalRotation: {x: 0, y: 0, z: 0, w: 1}
  m_LocalPosition: {x: 0, y: 0, z: 0}
  m_LocalScale: {x: 1, y: 1, z: 1}
  m_Children:
  - {fileID: 6634812318981850611}
  - {fileID: 1020013111128341865}
  - {fileID: 4918272420738275002}
  - {fileID: 7501373092676342885}
  - {fileID: 3290153978324858952}
  - {fileID: 8625468466055555167}
  - {fileID: 9061348376366154376}
  - {fileID: 2065580480893683367}
  - {fileID: 7048005166152651509}
  - {fileID: 8139709553301461421}
  - {fileID: 7594555948996062773}
  - {fileID: 5595426881450995723}
  m_Father: {fileID: 4904622888411461213}
  m_RootOrder: 4
  m_LocalEulerAnglesHint: {x: 0, y: 0, z: 0}
--- !u!50 &1006057638998103294
Rigidbody2D:
  serializedVersion: 4
  m_ObjectHideFlags: 0
  m_CorrespondingSourceObject: {fileID: 0}
  m_PrefabInstance: {fileID: 0}
  m_PrefabAsset: {fileID: 0}
  m_GameObject: {fileID: 5378795344694189333}
  m_BodyType: 2
  m_Simulated: 1
  m_UseFullKinematicContacts: 0
  m_UseAutoMass: 0
  m_Mass: 1
  m_LinearDrag: 0
  m_AngularDrag: 0.05
  m_GravityScale: 1
  m_Material: {fileID: 0}
  m_Interpolate: 0
  m_SleepingMode: 1
  m_CollisionDetection: 0
  m_Constraints: 0
--- !u!1 &5402312392433377443
GameObject:
  m_ObjectHideFlags: 0
  m_CorrespondingSourceObject: {fileID: 0}
  m_PrefabInstance: {fileID: 0}
  m_PrefabAsset: {fileID: 0}
  serializedVersion: 6
  m_Component:
  - component: {fileID: 3290153978324858952}
  - component: {fileID: 8242461281843480458}
  m_Layer: 6
  m_Name: WallUDoor
  m_TagString: Untagged
  m_Icon: {fileID: 0}
  m_NavMeshLayer: 0
  m_StaticEditorFlags: 0
  m_IsActive: 1
--- !u!4 &3290153978324858952
Transform:
  m_ObjectHideFlags: 0
  m_CorrespondingSourceObject: {fileID: 0}
  m_PrefabInstance: {fileID: 0}
  m_PrefabAsset: {fileID: 0}
  m_GameObject: {fileID: 5402312392433377443}
  m_LocalRotation: {x: -0, y: -0, z: -0.7071069, w: -0.7071067}
  m_LocalPosition: {x: 0, y: 0, z: 0}
  m_LocalScale: {x: 1, y: 1, z: 1}
  m_Children: []
  m_Father: {fileID: 1992692689842788463}
  m_RootOrder: 4
  m_LocalEulerAnglesHint: {x: 0, y: 0, z: -270}
--- !u!61 &8242461281843480458
BoxCollider2D:
  m_ObjectHideFlags: 0
  m_CorrespondingSourceObject: {fileID: 0}
  m_PrefabInstance: {fileID: 0}
  m_PrefabAsset: {fileID: 0}
  m_GameObject: {fileID: 5402312392433377443}
  m_Enabled: 1
  m_Density: 1
  m_Material: {fileID: 0}
  m_IsTrigger: 0
  m_UsedByEffector: 0
  m_UsedByComposite: 0
  m_Offset: {x: 4.776335, y: 0.0036633015}
  m_SpriteTilingProperty:
    border: {x: 0, y: 0, z: 0, w: 0}
    pivot: {x: 0, y: 0}
    oldSize: {x: 0, y: 0}
    newSize: {x: 0, y: 0}
    adaptiveTilingThreshold: 0
    drawMode: 0
    adaptiveTiling: 0
  m_AutoTiling: 0
  serializedVersion: 2
  m_Size: {x: 1.2437668, y: 10.809061}
  m_EdgeRadius: 0
--- !u!1 &5733123828079723474
GameObject:
  m_ObjectHideFlags: 0
  m_CorrespondingSourceObject: {fileID: 0}
  m_PrefabInstance: {fileID: 0}
  m_PrefabAsset: {fileID: 0}
  serializedVersion: 6
  m_Component:
  - component: {fileID: 7048005166152651509}
  - component: {fileID: 132569644424717080}
  m_Layer: 3
  m_Name: WallR (1)
  m_TagString: Untagged
  m_Icon: {fileID: 0}
  m_NavMeshLayer: 0
  m_StaticEditorFlags: 0
  m_IsActive: 1
--- !u!4 &7048005166152651509
Transform:
  m_ObjectHideFlags: 0
  m_CorrespondingSourceObject: {fileID: 0}
  m_PrefabInstance: {fileID: 0}
  m_PrefabAsset: {fileID: 0}
  m_GameObject: {fileID: 5733123828079723474}
  m_LocalRotation: {x: 0, y: 0, z: 0, w: 1}
  m_LocalPosition: {x: 0, y: 0, z: 0}
  m_LocalScale: {x: 1, y: 1, z: 1}
  m_Children: []
  m_Father: {fileID: 1992692689842788463}
  m_RootOrder: 8
  m_LocalEulerAnglesHint: {x: 0, y: 0, z: 0}
--- !u!61 &132569644424717080
BoxCollider2D:
  m_ObjectHideFlags: 0
  m_CorrespondingSourceObject: {fileID: 0}
  m_PrefabInstance: {fileID: 0}
  m_PrefabAsset: {fileID: 0}
  m_GameObject: {fileID: 5733123828079723474}
  m_Enabled: 1
  m_Density: 1
  m_Material: {fileID: 0}
  m_IsTrigger: 0
  m_UsedByEffector: 0
  m_UsedByComposite: 0
  m_Offset: {x: 4.776335, y: -3.1853993}
  m_SpriteTilingProperty:
    border: {x: 0, y: 0, z: 0, w: 0}
    pivot: {x: 0, y: 0}
    oldSize: {x: 0, y: 0}
    newSize: {x: 0, y: 0}
    adaptiveTilingThreshold: 0
    drawMode: 0
    adaptiveTiling: 0
  m_AutoTiling: 0
  serializedVersion: 2
  m_Size: {x: 1.2437668, y: 4.4309363}
  m_EdgeRadius: 0
--- !u!1 &7022348817059758006
GameObject:
  m_ObjectHideFlags: 0
  m_CorrespondingSourceObject: {fileID: 0}
  m_PrefabInstance: {fileID: 0}
  m_PrefabAsset: {fileID: 0}
  serializedVersion: 6
  m_Component:
  - component: {fileID: 2310423310329808640}
  m_Layer: 0
  m_Name: SpotD
  m_TagString: Untagged
  m_Icon: {fileID: 7866945982896999795, guid: 0000000000000000d000000000000000, type: 0}
  m_NavMeshLayer: 0
  m_StaticEditorFlags: 0
  m_IsActive: 1
--- !u!4 &2310423310329808640
Transform:
  m_ObjectHideFlags: 0
  m_CorrespondingSourceObject: {fileID: 0}
  m_PrefabInstance: {fileID: 0}
  m_PrefabAsset: {fileID: 0}
  m_GameObject: {fileID: 7022348817059758006}
  m_LocalRotation: {x: 0, y: 0, z: 0, w: 1}
  m_LocalPosition: {x: 0, y: -3.95, z: 0}
  m_LocalScale: {x: 1, y: 1, z: 1}
  m_Children: []
  m_Father: {fileID: 7375551934718025522}
  m_RootOrder: 3
  m_LocalEulerAnglesHint: {x: 0, y: 0, z: 0}
--- !u!1 &7547833511408677966
GameObject:
  m_ObjectHideFlags: 0
  m_CorrespondingSourceObject: {fileID: 0}
  m_PrefabInstance: {fileID: 0}
  m_PrefabAsset: {fileID: 0}
  serializedVersion: 6
  m_Component:
  - component: {fileID: 9061348376366154376}
  - component: {fileID: 7265013387198171493}
  m_Layer: 3
  m_Name: WallR
  m_TagString: Untagged
  m_Icon: {fileID: 0}
  m_NavMeshLayer: 0
  m_StaticEditorFlags: 0
  m_IsActive: 1
--- !u!4 &9061348376366154376
Transform:
  m_ObjectHideFlags: 0
  m_CorrespondingSourceObject: {fileID: 0}
  m_PrefabInstance: {fileID: 0}
  m_PrefabAsset: {fileID: 0}
  m_GameObject: {fileID: 7547833511408677966}
  m_LocalRotation: {x: 0, y: 0, z: 0, w: 1}
  m_LocalPosition: {x: 0, y: 0, z: 0}
  m_LocalScale: {x: 1, y: 1, z: 1}
  m_Children: []
  m_Father: {fileID: 1992692689842788463}
  m_RootOrder: 6
  m_LocalEulerAnglesHint: {x: 0, y: 0, z: 0}
--- !u!61 &7265013387198171493
BoxCollider2D:
  m_ObjectHideFlags: 0
  m_CorrespondingSourceObject: {fileID: 0}
  m_PrefabInstance: {fileID: 0}
  m_PrefabAsset: {fileID: 0}
  m_GameObject: {fileID: 7547833511408677966}
  m_Enabled: 1
  m_Density: 1
  m_Material: {fileID: 0}
  m_IsTrigger: 0
  m_UsedByEffector: 0
  m_UsedByComposite: 0
  m_Offset: {x: 4.776335, y: 3.201368}
  m_SpriteTilingProperty:
    border: {x: 0, y: 0, z: 0, w: 0}
    pivot: {x: 0, y: 0}
    oldSize: {x: 0, y: 0}
    newSize: {x: 0, y: 0}
    adaptiveTilingThreshold: 0
    drawMode: 0
    adaptiveTiling: 0
  m_AutoTiling: 0
  serializedVersion: 2
  m_Size: {x: 1.2437668, y: 4.413651}
  m_EdgeRadius: 0
--- !u!1 &7797685286266475185
GameObject:
  m_ObjectHideFlags: 0
  m_CorrespondingSourceObject: {fileID: 0}
  m_PrefabInstance: {fileID: 0}
  m_PrefabAsset: {fileID: 0}
  serializedVersion: 6
  m_Component:
  - component: {fileID: 8625468466055555167}
  - component: {fileID: 2302989675771651133}
  m_Layer: 3
  m_Name: WallU (1)
  m_TagString: Untagged
  m_Icon: {fileID: 0}
  m_NavMeshLayer: 0
  m_StaticEditorFlags: 0
  m_IsActive: 1
--- !u!4 &8625468466055555167
Transform:
  m_ObjectHideFlags: 0
  m_CorrespondingSourceObject: {fileID: 0}
  m_PrefabInstance: {fileID: 0}
  m_PrefabAsset: {fileID: 0}
  m_GameObject: {fileID: 7797685286266475185}
  m_LocalRotation: {x: -0, y: -0, z: -0.7071069, w: -0.7071067}
  m_LocalPosition: {x: 0, y: 0, z: 0}
  m_LocalScale: {x: 1, y: 1, z: 1}
  m_Children: []
  m_Father: {fileID: 1992692689842788463}
  m_RootOrder: 5
  m_LocalEulerAnglesHint: {x: 0, y: 0, z: -270}
--- !u!61 &2302989675771651133
BoxCollider2D:
  m_ObjectHideFlags: 0
  m_CorrespondingSourceObject: {fileID: 0}
  m_PrefabInstance: {fileID: 0}
  m_PrefabAsset: {fileID: 0}
  m_GameObject: {fileID: 7797685286266475185}
  m_Enabled: 1
  m_Density: 1
  m_Material: {fileID: 0}
  m_IsTrigger: 0
  m_UsedByEffector: 0
  m_UsedByComposite: 0
  m_Offset: {x: 4.776335, y: -3.228612}
  m_SpriteTilingProperty:
    border: {x: 0, y: 0, z: 0, w: 0}
    pivot: {x: 0, y: 0}
    oldSize: {x: 0, y: 0}
    newSize: {x: 0, y: 0}
    adaptiveTilingThreshold: 0
    drawMode: 0
    adaptiveTiling: 0
  m_AutoTiling: 0
  serializedVersion: 2
  m_Size: {x: 1.2437668, y: 4.344511}
  m_EdgeRadius: 0
--- !u!1 &8076185805277717926
GameObject:
  m_ObjectHideFlags: 0
  m_CorrespondingSourceObject: {fileID: 0}
  m_PrefabInstance: {fileID: 0}
  m_PrefabAsset: {fileID: 0}
  serializedVersion: 6
  m_Component:
  - component: {fileID: 6634812318981850611}
  - component: {fileID: 1408061190726396851}
  m_Layer: 3
  m_Name: WallL
  m_TagString: Untagged
  m_Icon: {fileID: 0}
  m_NavMeshLayer: 0
  m_StaticEditorFlags: 0
  m_IsActive: 1
--- !u!4 &6634812318981850611
Transform:
  m_ObjectHideFlags: 0
  m_CorrespondingSourceObject: {fileID: 0}
  m_PrefabInstance: {fileID: 0}
  m_PrefabAsset: {fileID: 0}
  m_GameObject: {fileID: 8076185805277717926}
  m_LocalRotation: {x: -0, y: -0, z: -1, w: 0.000000104308114}
  m_LocalPosition: {x: 0, y: 0, z: 0}
  m_LocalScale: {x: 1, y: 1, z: 1}
  m_Children: []
  m_Father: {fileID: 1992692689842788463}
  m_RootOrder: 0
  m_LocalEulerAnglesHint: {x: 0, y: 0, z: -180}
--- !u!61 &1408061190726396851
BoxCollider2D:
  m_ObjectHideFlags: 0
  m_CorrespondingSourceObject: {fileID: 0}
  m_PrefabInstance: {fileID: 0}
  m_PrefabAsset: {fileID: 0}
  m_GameObject: {fileID: 8076185805277717926}
  m_Enabled: 1
  m_Density: 1
  m_Material: {fileID: 0}
  m_IsTrigger: 0
  m_UsedByEffector: 0
  m_UsedByComposite: 0
  m_Offset: {x: 4.776335, y: 3.1927254}
  m_SpriteTilingProperty:
    border: {x: 0, y: 0, z: 0, w: 0}
    pivot: {x: 0, y: 0}
    oldSize: {x: 0, y: 0}
    newSize: {x: 0, y: 0}
    adaptiveTilingThreshold: 0
    drawMode: 0
    adaptiveTiling: 0
  m_AutoTiling: 0
  serializedVersion: 2
  m_Size: {x: 1.2437668, y: 4.4309363}
  m_EdgeRadius: 0
--- !u!1 &8344120802025464162
GameObject:
  m_ObjectHideFlags: 0
  m_CorrespondingSourceObject: {fileID: 0}
  m_PrefabInstance: {fileID: 0}
  m_PrefabAsset: {fileID: 0}
  serializedVersion: 6
  m_Component:
  - component: {fileID: 5822918723941730239}
  m_Layer: 0
  m_Name: SpotR
  m_TagString: Untagged
  m_Icon: {fileID: 7866945982896999795, guid: 0000000000000000d000000000000000, type: 0}
  m_NavMeshLayer: 0
  m_StaticEditorFlags: 0
  m_IsActive: 1
--- !u!4 &5822918723941730239
Transform:
  m_ObjectHideFlags: 0
  m_CorrespondingSourceObject: {fileID: 0}
  m_PrefabInstance: {fileID: 0}
  m_PrefabAsset: {fileID: 0}
  m_GameObject: {fileID: 8344120802025464162}
  m_LocalRotation: {x: 0, y: 0, z: 0, w: 1}
  m_LocalPosition: {x: 3.95, y: 0, z: 0}
  m_LocalScale: {x: 1, y: 1, z: 1}
  m_Children: []
  m_Father: {fileID: 7375551934718025522}
  m_RootOrder: 2
  m_LocalEulerAnglesHint: {x: 0, y: 0, z: 0}
--- !u!1 &8476725613135539291
GameObject:
  m_ObjectHideFlags: 0
  m_CorrespondingSourceObject: {fileID: 0}
  m_PrefabInstance: {fileID: 0}
  m_PrefabAsset: {fileID: 0}
  serializedVersion: 6
  m_Component:
  - component: {fileID: 2065580480893683367}
  - component: {fileID: 892716417810657785}
  m_Layer: 6
  m_Name: WallRDoor
  m_TagString: Untagged
  m_Icon: {fileID: 0}
  m_NavMeshLayer: 0
  m_StaticEditorFlags: 0
  m_IsActive: 1
--- !u!4 &2065580480893683367
Transform:
  m_ObjectHideFlags: 0
  m_CorrespondingSourceObject: {fileID: 0}
  m_PrefabInstance: {fileID: 0}
  m_PrefabAsset: {fileID: 0}
  m_GameObject: {fileID: 8476725613135539291}
  m_LocalRotation: {x: 0, y: 0, z: 0, w: 1}
  m_LocalPosition: {x: 0, y: 0, z: 0}
  m_LocalScale: {x: 1, y: 1, z: 1}
  m_Children: []
  m_Father: {fileID: 1992692689842788463}
  m_RootOrder: 7
  m_LocalEulerAnglesHint: {x: 0, y: 0, z: 0}
--- !u!61 &892716417810657785
BoxCollider2D:
  m_ObjectHideFlags: 0
  m_CorrespondingSourceObject: {fileID: 0}
  m_PrefabInstance: {fileID: 0}
  m_PrefabAsset: {fileID: 0}
  m_GameObject: {fileID: 8476725613135539291}
  m_Enabled: 1
  m_Density: 1
  m_Material: {fileID: 0}
  m_IsTrigger: 0
  m_UsedByEffector: 0
  m_UsedByComposite: 0
  m_Offset: {x: 4.776335, y: 0.0036633015}
  m_SpriteTilingProperty:
    border: {x: 0, y: 0, z: 0, w: 0}
    pivot: {x: 0, y: 0}
    oldSize: {x: 0, y: 0}
    newSize: {x: 0, y: 0}
    adaptiveTilingThreshold: 0
    drawMode: 0
    adaptiveTiling: 0
  m_AutoTiling: 0
  serializedVersion: 2
  m_Size: {x: 1.2437668, y: 10.809061}
  m_EdgeRadius: 0
--- !u!1 &9086144641190012984
GameObject:
  m_ObjectHideFlags: 0
  m_CorrespondingSourceObject: {fileID: 0}
  m_PrefabInstance: {fileID: 0}
  m_PrefabAsset: {fileID: 0}
  serializedVersion: 6
  m_Component:
  - component: {fileID: 5595426881450995723}
  - component: {fileID: 7955627587334587966}
  m_Layer: 3
  m_Name: WallD (1)
  m_TagString: Untagged
  m_Icon: {fileID: 0}
  m_NavMeshLayer: 0
  m_StaticEditorFlags: 0
  m_IsActive: 1
--- !u!4 &5595426881450995723
Transform:
  m_ObjectHideFlags: 0
  m_CorrespondingSourceObject: {fileID: 0}
  m_PrefabInstance: {fileID: 0}
  m_PrefabAsset: {fileID: 0}
  m_GameObject: {fileID: 9086144641190012984}
  m_LocalRotation: {x: -0, y: -0, z: -0.70710677, w: 0.7071068}
  m_LocalPosition: {x: 0, y: 0, z: 0}
  m_LocalScale: {x: 1, y: 1, z: 1}
  m_Children: []
  m_Father: {fileID: 1992692689842788463}
  m_RootOrder: 11
  m_LocalEulerAnglesHint: {x: 0, y: 0, z: -90}
--- !u!61 &7955627587334587966
BoxCollider2D:
  m_ObjectHideFlags: 0
  m_CorrespondingSourceObject: {fileID: 0}
  m_PrefabInstance: {fileID: 0}
  m_PrefabAsset: {fileID: 0}
  m_GameObject: {fileID: 9086144641190012984}
  m_Enabled: 1
  m_Density: 1
  m_Material: {fileID: 0}
  m_IsTrigger: 0
  m_UsedByEffector: 0
  m_UsedByComposite: 0
  m_Offset: {x: 4.776335, y: 3.235938}
  m_SpriteTilingProperty:
    border: {x: 0, y: 0, z: 0, w: 0}
    pivot: {x: 0, y: 0}
    oldSize: {x: 0, y: 0}
    newSize: {x: 0, y: 0}
    adaptiveTilingThreshold: 0
    drawMode: 0
    adaptiveTiling: 0
  m_AutoTiling: 0
  serializedVersion: 2
  m_Size: {x: 1.2437668, y: 4.344511}
  m_EdgeRadius: 0
--- !u!1001 &1155246771486082380
PrefabInstance:
  m_ObjectHideFlags: 0
  serializedVersion: 2
  m_Modification:
    m_TransformParent: {fileID: 4904622888411461213}
    m_Modifications:
    - target: {fileID: 5781960171999314707, guid: 6a8ae7d94dda2db438a1e644d3984615, type: 3}
      propertyPath: m_Name
      value: chair
      objectReference: {fileID: 0}
    - target: {fileID: 5781960171999314707, guid: 6a8ae7d94dda2db438a1e644d3984615, type: 3}
      propertyPath: m_Layer
      value: 10
      objectReference: {fileID: 0}
    - target: {fileID: 6060413670992391281, guid: 6a8ae7d94dda2db438a1e644d3984615, type: 3}
      propertyPath: m_RootOrder
      value: 10
      objectReference: {fileID: 0}
    - target: {fileID: 6060413670992391281, guid: 6a8ae7d94dda2db438a1e644d3984615, type: 3}
      propertyPath: m_LocalPosition.x
      value: -3.01
      objectReference: {fileID: 0}
    - target: {fileID: 6060413670992391281, guid: 6a8ae7d94dda2db438a1e644d3984615, type: 3}
      propertyPath: m_LocalPosition.y
      value: -2.77
      objectReference: {fileID: 0}
    - target: {fileID: 6060413670992391281, guid: 6a8ae7d94dda2db438a1e644d3984615, type: 3}
      propertyPath: m_LocalPosition.z
      value: 0
      objectReference: {fileID: 0}
    - target: {fileID: 6060413670992391281, guid: 6a8ae7d94dda2db438a1e644d3984615, type: 3}
      propertyPath: m_LocalRotation.w
      value: 1
      objectReference: {fileID: 0}
    - target: {fileID: 6060413670992391281, guid: 6a8ae7d94dda2db438a1e644d3984615, type: 3}
      propertyPath: m_LocalRotation.x
      value: -0
      objectReference: {fileID: 0}
    - target: {fileID: 6060413670992391281, guid: 6a8ae7d94dda2db438a1e644d3984615, type: 3}
      propertyPath: m_LocalRotation.y
      value: -0
      objectReference: {fileID: 0}
    - target: {fileID: 6060413670992391281, guid: 6a8ae7d94dda2db438a1e644d3984615, type: 3}
      propertyPath: m_LocalRotation.z
      value: -0
      objectReference: {fileID: 0}
    - target: {fileID: 6060413670992391281, guid: 6a8ae7d94dda2db438a1e644d3984615, type: 3}
      propertyPath: m_LocalEulerAnglesHint.x
      value: 0
      objectReference: {fileID: 0}
    - target: {fileID: 6060413670992391281, guid: 6a8ae7d94dda2db438a1e644d3984615, type: 3}
      propertyPath: m_LocalEulerAnglesHint.y
      value: 0
      objectReference: {fileID: 0}
    - target: {fileID: 6060413670992391281, guid: 6a8ae7d94dda2db438a1e644d3984615, type: 3}
      propertyPath: m_LocalEulerAnglesHint.z
      value: 0
      objectReference: {fileID: 0}
    m_RemovedComponents: []
  m_SourcePrefab: {fileID: 100100000, guid: 6a8ae7d94dda2db438a1e644d3984615, type: 3}
--- !u!4 &4905168549849622845 stripped
Transform:
  m_CorrespondingSourceObject: {fileID: 6060413670992391281, guid: 6a8ae7d94dda2db438a1e644d3984615, type: 3}
  m_PrefabInstance: {fileID: 1155246771486082380}
  m_PrefabAsset: {fileID: 0}
--- !u!1001 &1305649389853223449
PrefabInstance:
  m_ObjectHideFlags: 0
  serializedVersion: 2
  m_Modification:
    m_TransformParent: {fileID: 4904622888411461213}
    m_Modifications:
    - target: {fileID: 4664240686186077608, guid: 1b693eaed0a29a04287184c98bf29387, type: 3}
      propertyPath: m_Name
      value: DoorClosedR
      objectReference: {fileID: 0}
    - target: {fileID: 5334272130591643656, guid: 1b693eaed0a29a04287184c98bf29387, type: 3}
      propertyPath: m_RootOrder
      value: 2
      objectReference: {fileID: 0}
    - target: {fileID: 5334272130591643656, guid: 1b693eaed0a29a04287184c98bf29387, type: 3}
      propertyPath: m_LocalPosition.x
      value: 0
      objectReference: {fileID: 0}
    - target: {fileID: 5334272130591643656, guid: 1b693eaed0a29a04287184c98bf29387, type: 3}
      propertyPath: m_LocalPosition.y
      value: 0
      objectReference: {fileID: 0}
    - target: {fileID: 5334272130591643656, guid: 1b693eaed0a29a04287184c98bf29387, type: 3}
      propertyPath: m_LocalPosition.z
      value: 0
      objectReference: {fileID: 0}
    - target: {fileID: 5334272130591643656, guid: 1b693eaed0a29a04287184c98bf29387, type: 3}
      propertyPath: m_LocalRotation.w
      value: 1
      objectReference: {fileID: 0}
    - target: {fileID: 5334272130591643656, guid: 1b693eaed0a29a04287184c98bf29387, type: 3}
      propertyPath: m_LocalRotation.x
      value: -0
      objectReference: {fileID: 0}
    - target: {fileID: 5334272130591643656, guid: 1b693eaed0a29a04287184c98bf29387, type: 3}
      propertyPath: m_LocalRotation.y
      value: -0
      objectReference: {fileID: 0}
    - target: {fileID: 5334272130591643656, guid: 1b693eaed0a29a04287184c98bf29387, type: 3}
      propertyPath: m_LocalRotation.z
      value: -0
      objectReference: {fileID: 0}
    - target: {fileID: 5334272130591643656, guid: 1b693eaed0a29a04287184c98bf29387, type: 3}
      propertyPath: m_LocalEulerAnglesHint.x
      value: 0
      objectReference: {fileID: 0}
    - target: {fileID: 5334272130591643656, guid: 1b693eaed0a29a04287184c98bf29387, type: 3}
      propertyPath: m_LocalEulerAnglesHint.y
      value: 0
      objectReference: {fileID: 0}
    - target: {fileID: 5334272130591643656, guid: 1b693eaed0a29a04287184c98bf29387, type: 3}
      propertyPath: m_LocalEulerAnglesHint.z
      value: 0
      objectReference: {fileID: 0}
    m_RemovedComponents: []
  m_SourcePrefab: {fileID: 100100000, guid: 1b693eaed0a29a04287184c98bf29387, type: 3}
--- !u!114 &7834276456873294931 stripped
MonoBehaviour:
  m_CorrespondingSourceObject: {fileID: 9126098096433616458, guid: 1b693eaed0a29a04287184c98bf29387, type: 3}
  m_PrefabInstance: {fileID: 1305649389853223449}
  m_PrefabAsset: {fileID: 0}
  m_GameObject: {fileID: 0}
  m_Enabled: 1
  m_EditorHideFlags: 0
  m_Script: {fileID: 11500000, guid: 20230f457128d89458e86a3d45381f91, type: 3}
  m_Name: 
  m_EditorClassIdentifier: 
--- !u!4 &6348313018728083985 stripped
Transform:
  m_CorrespondingSourceObject: {fileID: 5334272130591643656, guid: 1b693eaed0a29a04287184c98bf29387, type: 3}
  m_PrefabInstance: {fileID: 1305649389853223449}
  m_PrefabAsset: {fileID: 0}
--- !u!1001 &1743273516802117645
PrefabInstance:
  m_ObjectHideFlags: 0
  serializedVersion: 2
  m_Modification:
    m_TransformParent: {fileID: 4904622888411461213}
    m_Modifications:
    - target: {fileID: 2482828715568175929, guid: 36d5ffc2ae8a2d34688591124d3df255, type: 3}
      propertyPath: m_Name
      value: large bookcase
      objectReference: {fileID: 0}
    - target: {fileID: 2482828715568175929, guid: 36d5ffc2ae8a2d34688591124d3df255, type: 3}
      propertyPath: m_Layer
      value: 10
      objectReference: {fileID: 0}
    - target: {fileID: 4908874078417352970, guid: 36d5ffc2ae8a2d34688591124d3df255, type: 3}
      propertyPath: m_Size.y
      value: 1.0165181
      objectReference: {fileID: 0}
    - target: {fileID: 4908874078417352970, guid: 36d5ffc2ae8a2d34688591124d3df255, type: 3}
      propertyPath: m_Offset.y
      value: 0.46554232
      objectReference: {fileID: 0}
    - target: {fileID: 8652587507165499027, guid: 36d5ffc2ae8a2d34688591124d3df255, type: 3}
      propertyPath: m_RootOrder
      value: 12
      objectReference: {fileID: 0}
    - target: {fileID: 8652587507165499027, guid: 36d5ffc2ae8a2d34688591124d3df255, type: 3}
      propertyPath: m_LocalPosition.x
      value: -2.76
      objectReference: {fileID: 0}
    - target: {fileID: 8652587507165499027, guid: 36d5ffc2ae8a2d34688591124d3df255, type: 3}
      propertyPath: m_LocalPosition.y
      value: 3.09
      objectReference: {fileID: 0}
    - target: {fileID: 8652587507165499027, guid: 36d5ffc2ae8a2d34688591124d3df255, type: 3}
      propertyPath: m_LocalPosition.z
      value: 0
      objectReference: {fileID: 0}
    - target: {fileID: 8652587507165499027, guid: 36d5ffc2ae8a2d34688591124d3df255, type: 3}
      propertyPath: m_LocalRotation.w
      value: 1
      objectReference: {fileID: 0}
    - target: {fileID: 8652587507165499027, guid: 36d5ffc2ae8a2d34688591124d3df255, type: 3}
      propertyPath: m_LocalRotation.x
      value: -0
      objectReference: {fileID: 0}
    - target: {fileID: 8652587507165499027, guid: 36d5ffc2ae8a2d34688591124d3df255, type: 3}
      propertyPath: m_LocalRotation.y
      value: -0
      objectReference: {fileID: 0}
    - target: {fileID: 8652587507165499027, guid: 36d5ffc2ae8a2d34688591124d3df255, type: 3}
      propertyPath: m_LocalRotation.z
      value: -0
      objectReference: {fileID: 0}
    - target: {fileID: 8652587507165499027, guid: 36d5ffc2ae8a2d34688591124d3df255, type: 3}
      propertyPath: m_LocalEulerAnglesHint.x
      value: 0
      objectReference: {fileID: 0}
    - target: {fileID: 8652587507165499027, guid: 36d5ffc2ae8a2d34688591124d3df255, type: 3}
      propertyPath: m_LocalEulerAnglesHint.y
      value: 0
      objectReference: {fileID: 0}
    - target: {fileID: 8652587507165499027, guid: 36d5ffc2ae8a2d34688591124d3df255, type: 3}
      propertyPath: m_LocalEulerAnglesHint.z
      value: 0
      objectReference: {fileID: 0}
    m_RemovedComponents: []
  m_SourcePrefab: {fileID: 100100000, guid: 36d5ffc2ae8a2d34688591124d3df255, type: 3}
--- !u!4 &6928067264285712030 stripped
Transform:
  m_CorrespondingSourceObject: {fileID: 8652587507165499027, guid: 36d5ffc2ae8a2d34688591124d3df255, type: 3}
  m_PrefabInstance: {fileID: 1743273516802117645}
  m_PrefabAsset: {fileID: 0}
--- !u!1001 &1756211954528294779
PrefabInstance:
  m_ObjectHideFlags: 0
  serializedVersion: 2
  m_Modification:
    m_TransformParent: {fileID: 4904622888411461213}
    m_Modifications:
    - target: {fileID: 488644345964180658, guid: c1d0389a6891f894f97e72de1d765aab, type: 3}
      propertyPath: m_RootOrder
      value: 7
      objectReference: {fileID: 0}
    - target: {fileID: 488644345964180658, guid: c1d0389a6891f894f97e72de1d765aab, type: 3}
      propertyPath: m_LocalPosition.x
      value: 3.33
      objectReference: {fileID: 0}
    - target: {fileID: 488644345964180658, guid: c1d0389a6891f894f97e72de1d765aab, type: 3}
      propertyPath: m_LocalPosition.y
      value: 2.89
      objectReference: {fileID: 0}
    - target: {fileID: 488644345964180658, guid: c1d0389a6891f894f97e72de1d765aab, type: 3}
      propertyPath: m_LocalPosition.z
      value: 0
      objectReference: {fileID: 0}
    - target: {fileID: 488644345964180658, guid: c1d0389a6891f894f97e72de1d765aab, type: 3}
      propertyPath: m_LocalRotation.w
      value: 1
      objectReference: {fileID: 0}
    - target: {fileID: 488644345964180658, guid: c1d0389a6891f894f97e72de1d765aab, type: 3}
      propertyPath: m_LocalRotation.x
      value: -0
      objectReference: {fileID: 0}
    - target: {fileID: 488644345964180658, guid: c1d0389a6891f894f97e72de1d765aab, type: 3}
      propertyPath: m_LocalRotation.y
      value: -0
      objectReference: {fileID: 0}
    - target: {fileID: 488644345964180658, guid: c1d0389a6891f894f97e72de1d765aab, type: 3}
      propertyPath: m_LocalRotation.z
      value: -0
      objectReference: {fileID: 0}
    - target: {fileID: 488644345964180658, guid: c1d0389a6891f894f97e72de1d765aab, type: 3}
      propertyPath: m_LocalEulerAnglesHint.x
      value: 0
      objectReference: {fileID: 0}
    - target: {fileID: 488644345964180658, guid: c1d0389a6891f894f97e72de1d765aab, type: 3}
      propertyPath: m_LocalEulerAnglesHint.y
      value: 0
      objectReference: {fileID: 0}
    - target: {fileID: 488644345964180658, guid: c1d0389a6891f894f97e72de1d765aab, type: 3}
      propertyPath: m_LocalEulerAnglesHint.z
      value: 0
      objectReference: {fileID: 0}
    - target: {fileID: 488644345964180659, guid: c1d0389a6891f894f97e72de1d765aab, type: 3}
      propertyPath: m_Name
      value: Bed
      objectReference: {fileID: 0}
    m_RemovedComponents: []
  m_SourcePrefab: {fileID: 100100000, guid: c1d0389a6891f894f97e72de1d765aab, type: 3}
--- !u!4 &2204320729775121353 stripped
Transform:
  m_CorrespondingSourceObject: {fileID: 488644345964180658, guid: c1d0389a6891f894f97e72de1d765aab, type: 3}
  m_PrefabInstance: {fileID: 1756211954528294779}
  m_PrefabAsset: {fileID: 0}
--- !u!1001 &3233371716303362787
PrefabInstance:
  m_ObjectHideFlags: 0
  serializedVersion: 2
  m_Modification:
    m_TransformParent: {fileID: 4904622888411461213}
    m_Modifications:
    - target: {fileID: 591491262540115763, guid: 86faf7f3a4f89e04aad2de97b80df01c, type: 3}
      propertyPath: m_Name
      value: DoorClosedL
      objectReference: {fileID: 0}
    - target: {fileID: 5281559718746210929, guid: 86faf7f3a4f89e04aad2de97b80df01c, type: 3}
      propertyPath: m_RootOrder
      value: 0
      objectReference: {fileID: 0}
    - target: {fileID: 5281559718746210929, guid: 86faf7f3a4f89e04aad2de97b80df01c, type: 3}
      propertyPath: m_LocalPosition.x
      value: 0
      objectReference: {fileID: 0}
    - target: {fileID: 5281559718746210929, guid: 86faf7f3a4f89e04aad2de97b80df01c, type: 3}
      propertyPath: m_LocalPosition.y
      value: 0
      objectReference: {fileID: 0}
    - target: {fileID: 5281559718746210929, guid: 86faf7f3a4f89e04aad2de97b80df01c, type: 3}
      propertyPath: m_LocalPosition.z
      value: 0
      objectReference: {fileID: 0}
    - target: {fileID: 5281559718746210929, guid: 86faf7f3a4f89e04aad2de97b80df01c, type: 3}
      propertyPath: m_LocalRotation.w
      value: 1
      objectReference: {fileID: 0}
    - target: {fileID: 5281559718746210929, guid: 86faf7f3a4f89e04aad2de97b80df01c, type: 3}
      propertyPath: m_LocalRotation.x
      value: -0
      objectReference: {fileID: 0}
    - target: {fileID: 5281559718746210929, guid: 86faf7f3a4f89e04aad2de97b80df01c, type: 3}
      propertyPath: m_LocalRotation.y
      value: -0
      objectReference: {fileID: 0}
    - target: {fileID: 5281559718746210929, guid: 86faf7f3a4f89e04aad2de97b80df01c, type: 3}
      propertyPath: m_LocalRotation.z
      value: -0
      objectReference: {fileID: 0}
    - target: {fileID: 5281559718746210929, guid: 86faf7f3a4f89e04aad2de97b80df01c, type: 3}
      propertyPath: m_LocalEulerAnglesHint.x
      value: 0
      objectReference: {fileID: 0}
    - target: {fileID: 5281559718746210929, guid: 86faf7f3a4f89e04aad2de97b80df01c, type: 3}
      propertyPath: m_LocalEulerAnglesHint.y
      value: 0
      objectReference: {fileID: 0}
    - target: {fileID: 5281559718746210929, guid: 86faf7f3a4f89e04aad2de97b80df01c, type: 3}
      propertyPath: m_LocalEulerAnglesHint.z
      value: 0
      objectReference: {fileID: 0}
    m_RemovedComponents: []
  m_SourcePrefab: {fileID: 100100000, guid: 86faf7f3a4f89e04aad2de97b80df01c, type: 3}
--- !u!114 &1326340589286449283 stripped
MonoBehaviour:
  m_CorrespondingSourceObject: {fileID: 4519122313397369440, guid: 86faf7f3a4f89e04aad2de97b80df01c, type: 3}
  m_PrefabInstance: {fileID: 3233371716303362787}
  m_PrefabAsset: {fileID: 0}
  m_GameObject: {fileID: 0}
  m_Enabled: 1
  m_EditorHideFlags: 0
  m_Script: {fileID: 11500000, guid: 20230f457128d89458e86a3d45381f91, type: 3}
  m_Name: 
  m_EditorClassIdentifier: 
--- !u!4 &7319722569323501714 stripped
Transform:
  m_CorrespondingSourceObject: {fileID: 5281559718746210929, guid: 86faf7f3a4f89e04aad2de97b80df01c, type: 3}
  m_PrefabInstance: {fileID: 3233371716303362787}
  m_PrefabAsset: {fileID: 0}
--- !u!1001 &4005600564771346571
PrefabInstance:
  m_ObjectHideFlags: 0
  serializedVersion: 2
  m_Modification:
    m_TransformParent: {fileID: 4904622888411461213}
    m_Modifications:
    - target: {fileID: 5352228580199134249, guid: 96db4ce9c6c60b44b8254d0f9e24712e, type: 3}
      propertyPath: m_RootOrder
      value: 9
      objectReference: {fileID: 0}
    - target: {fileID: 5352228580199134249, guid: 96db4ce9c6c60b44b8254d0f9e24712e, type: 3}
      propertyPath: m_LocalPosition.x
      value: -0.16
      objectReference: {fileID: 0}
    - target: {fileID: 5352228580199134249, guid: 96db4ce9c6c60b44b8254d0f9e24712e, type: 3}
      propertyPath: m_LocalPosition.y
      value: -0.56
      objectReference: {fileID: 0}
    - target: {fileID: 5352228580199134249, guid: 96db4ce9c6c60b44b8254d0f9e24712e, type: 3}
      propertyPath: m_LocalPosition.z
      value: 0
      objectReference: {fileID: 0}
    - target: {fileID: 5352228580199134249, guid: 96db4ce9c6c60b44b8254d0f9e24712e, type: 3}
      propertyPath: m_LocalRotation.w
      value: 1
      objectReference: {fileID: 0}
    - target: {fileID: 5352228580199134249, guid: 96db4ce9c6c60b44b8254d0f9e24712e, type: 3}
      propertyPath: m_LocalRotation.x
      value: -0
      objectReference: {fileID: 0}
    - target: {fileID: 5352228580199134249, guid: 96db4ce9c6c60b44b8254d0f9e24712e, type: 3}
      propertyPath: m_LocalRotation.y
      value: -0
      objectReference: {fileID: 0}
    - target: {fileID: 5352228580199134249, guid: 96db4ce9c6c60b44b8254d0f9e24712e, type: 3}
      propertyPath: m_LocalRotation.z
      value: -0
      objectReference: {fileID: 0}
    - target: {fileID: 5352228580199134249, guid: 96db4ce9c6c60b44b8254d0f9e24712e, type: 3}
      propertyPath: m_LocalEulerAnglesHint.x
      value: 0
      objectReference: {fileID: 0}
    - target: {fileID: 5352228580199134249, guid: 96db4ce9c6c60b44b8254d0f9e24712e, type: 3}
      propertyPath: m_LocalEulerAnglesHint.y
      value: 0
      objectReference: {fileID: 0}
    - target: {fileID: 5352228580199134249, guid: 96db4ce9c6c60b44b8254d0f9e24712e, type: 3}
      propertyPath: m_LocalEulerAnglesHint.z
      value: 0
      objectReference: {fileID: 0}
    - target: {fileID: 7312030464980677138, guid: 96db4ce9c6c60b44b8254d0f9e24712e, type: 3}
      propertyPath: m_Name
      value: carpet
      objectReference: {fileID: 0}
    m_RemovedComponents: []
  m_SourcePrefab: {fileID: 100100000, guid: 96db4ce9c6c60b44b8254d0f9e24712e, type: 3}
--- !u!4 &9065798779079928994 stripped
Transform:
  m_CorrespondingSourceObject: {fileID: 5352228580199134249, guid: 96db4ce9c6c60b44b8254d0f9e24712e, type: 3}
  m_PrefabInstance: {fileID: 4005600564771346571}
  m_PrefabAsset: {fileID: 0}
--- !u!1001 &4069795489127669172
PrefabInstance:
  m_ObjectHideFlags: 0
  serializedVersion: 2
  m_Modification:
    m_TransformParent: {fileID: 4904622888411461213}
    m_Modifications:
    - target: {fileID: 1780053818713464090, guid: c4090b8156923034f9f466e085f8941e, type: 3}
      propertyPath: m_Name
      value: DoorClosedU
      objectReference: {fileID: 0}
    - target: {fileID: 2869089596857870936, guid: c4090b8156923034f9f466e085f8941e, type: 3}
      propertyPath: m_RootOrder
      value: 1
      objectReference: {fileID: 0}
    - target: {fileID: 2869089596857870936, guid: c4090b8156923034f9f466e085f8941e, type: 3}
      propertyPath: m_LocalPosition.x
      value: 0
      objectReference: {fileID: 0}
    - target: {fileID: 2869089596857870936, guid: c4090b8156923034f9f466e085f8941e, type: 3}
      propertyPath: m_LocalPosition.y
      value: 0
      objectReference: {fileID: 0}
    - target: {fileID: 2869089596857870936, guid: c4090b8156923034f9f466e085f8941e, type: 3}
      propertyPath: m_LocalPosition.z
      value: 0
      objectReference: {fileID: 0}
    - target: {fileID: 2869089596857870936, guid: c4090b8156923034f9f466e085f8941e, type: 3}
      propertyPath: m_LocalRotation.w
      value: 1
      objectReference: {fileID: 0}
    - target: {fileID: 2869089596857870936, guid: c4090b8156923034f9f466e085f8941e, type: 3}
      propertyPath: m_LocalRotation.x
      value: -0
      objectReference: {fileID: 0}
    - target: {fileID: 2869089596857870936, guid: c4090b8156923034f9f466e085f8941e, type: 3}
      propertyPath: m_LocalRotation.y
      value: -0
      objectReference: {fileID: 0}
    - target: {fileID: 2869089596857870936, guid: c4090b8156923034f9f466e085f8941e, type: 3}
      propertyPath: m_LocalRotation.z
      value: -0
      objectReference: {fileID: 0}
    - target: {fileID: 2869089596857870936, guid: c4090b8156923034f9f466e085f8941e, type: 3}
      propertyPath: m_LocalEulerAnglesHint.x
      value: 0
      objectReference: {fileID: 0}
    - target: {fileID: 2869089596857870936, guid: c4090b8156923034f9f466e085f8941e, type: 3}
      propertyPath: m_LocalEulerAnglesHint.y
      value: 0
      objectReference: {fileID: 0}
    - target: {fileID: 2869089596857870936, guid: c4090b8156923034f9f466e085f8941e, type: 3}
      propertyPath: m_LocalEulerAnglesHint.z
      value: 0
      objectReference: {fileID: 0}
    m_RemovedComponents: []
  m_SourcePrefab: {fileID: 100100000, guid: c4090b8156923034f9f466e085f8941e, type: 3}
--- !u!114 &935935507521387090 stripped
MonoBehaviour:
  m_CorrespondingSourceObject: {fileID: 3785219471431280614, guid: c4090b8156923034f9f466e085f8941e, type: 3}
  m_PrefabInstance: {fileID: 4069795489127669172}
  m_PrefabAsset: {fileID: 0}
  m_GameObject: {fileID: 0}
  m_Enabled: 1
  m_EditorHideFlags: 0
  m_Script: {fileID: 11500000, guid: 20230f457128d89458e86a3d45381f91, type: 3}
  m_Name: 
  m_EditorClassIdentifier: 
--- !u!4 &2282160245147596780 stripped
Transform:
  m_CorrespondingSourceObject: {fileID: 2869089596857870936, guid: c4090b8156923034f9f466e085f8941e, type: 3}
  m_PrefabInstance: {fileID: 4069795489127669172}
  m_PrefabAsset: {fileID: 0}
--- !u!1001 &5123904757644089063
PrefabInstance:
  m_ObjectHideFlags: 0
  serializedVersion: 2
  m_Modification:
    m_TransformParent: {fileID: 4904622888411461213}
    m_Modifications:
    - target: {fileID: 763662876105017555, guid: c187679b94f2499488b7fa62b282ba01, type: 3}
      propertyPath: m_RootOrder
      value: 13
      objectReference: {fileID: 0}
    - target: {fileID: 763662876105017555, guid: c187679b94f2499488b7fa62b282ba01, type: 3}
      propertyPath: m_LocalPosition.x
      value: 2.7
      objectReference: {fileID: 0}
    - target: {fileID: 763662876105017555, guid: c187679b94f2499488b7fa62b282ba01, type: 3}
      propertyPath: m_LocalPosition.y
      value: -3.85
      objectReference: {fileID: 0}
    - target: {fileID: 763662876105017555, guid: c187679b94f2499488b7fa62b282ba01, type: 3}
      propertyPath: m_LocalPosition.z
      value: 0
      objectReference: {fileID: 0}
    - target: {fileID: 763662876105017555, guid: c187679b94f2499488b7fa62b282ba01, type: 3}
      propertyPath: m_LocalRotation.w
      value: -0.0000002533197
      objectReference: {fileID: 0}
    - target: {fileID: 763662876105017555, guid: c187679b94f2499488b7fa62b282ba01, type: 3}
      propertyPath: m_LocalRotation.x
      value: -0
      objectReference: {fileID: 0}
    - target: {fileID: 763662876105017555, guid: c187679b94f2499488b7fa62b282ba01, type: 3}
      propertyPath: m_LocalRotation.y
      value: -0
      objectReference: {fileID: 0}
    - target: {fileID: 763662876105017555, guid: c187679b94f2499488b7fa62b282ba01, type: 3}
      propertyPath: m_LocalRotation.z
      value: 1
      objectReference: {fileID: 0}
    - target: {fileID: 763662876105017555, guid: c187679b94f2499488b7fa62b282ba01, type: 3}
      propertyPath: m_LocalEulerAnglesHint.x
      value: 0
      objectReference: {fileID: 0}
    - target: {fileID: 763662876105017555, guid: c187679b94f2499488b7fa62b282ba01, type: 3}
      propertyPath: m_LocalEulerAnglesHint.y
      value: 0
      objectReference: {fileID: 0}
    - target: {fileID: 763662876105017555, guid: c187679b94f2499488b7fa62b282ba01, type: 3}
      propertyPath: m_LocalEulerAnglesHint.z
      value: 180
      objectReference: {fileID: 0}
    - target: {fileID: 4306954321842035576, guid: c187679b94f2499488b7fa62b282ba01, type: 3}
      propertyPath: m_Name
      value: small bookcase
      objectReference: {fileID: 0}
    m_RemovedComponents: []
  m_SourcePrefab: {fileID: 100100000, guid: c187679b94f2499488b7fa62b282ba01, type: 3}
--- !u!4 &5585263347893001780 stripped
Transform:
  m_CorrespondingSourceObject: {fileID: 763662876105017555, guid: c187679b94f2499488b7fa62b282ba01, type: 3}
  m_PrefabInstance: {fileID: 5123904757644089063}
  m_PrefabAsset: {fileID: 0}
--- !u!1001 &5460355670144478975
PrefabInstance:
  m_ObjectHideFlags: 0
  serializedVersion: 2
  m_Modification:
    m_TransformParent: {fileID: 4904622888411461213}
    m_Modifications:
    - target: {fileID: 4742424983612267866, guid: 1efe1ec9de1e36a4c87c5dd85d372ae6, type: 3}
      propertyPath: m_RootOrder
      value: 3
      objectReference: {fileID: 0}
    - target: {fileID: 4742424983612267866, guid: 1efe1ec9de1e36a4c87c5dd85d372ae6, type: 3}
      propertyPath: m_LocalPosition.x
      value: 0
      objectReference: {fileID: 0}
    - target: {fileID: 4742424983612267866, guid: 1efe1ec9de1e36a4c87c5dd85d372ae6, type: 3}
      propertyPath: m_LocalPosition.y
      value: 0
      objectReference: {fileID: 0}
    - target: {fileID: 4742424983612267866, guid: 1efe1ec9de1e36a4c87c5dd85d372ae6, type: 3}
      propertyPath: m_LocalPosition.z
      value: 0
      objectReference: {fileID: 0}
    - target: {fileID: 4742424983612267866, guid: 1efe1ec9de1e36a4c87c5dd85d372ae6, type: 3}
      propertyPath: m_LocalRotation.w
      value: 1
      objectReference: {fileID: 0}
    - target: {fileID: 4742424983612267866, guid: 1efe1ec9de1e36a4c87c5dd85d372ae6, type: 3}
      propertyPath: m_LocalRotation.x
      value: -0
      objectReference: {fileID: 0}
    - target: {fileID: 4742424983612267866, guid: 1efe1ec9de1e36a4c87c5dd85d372ae6, type: 3}
      propertyPath: m_LocalRotation.y
      value: -0
      objectReference: {fileID: 0}
    - target: {fileID: 4742424983612267866, guid: 1efe1ec9de1e36a4c87c5dd85d372ae6, type: 3}
      propertyPath: m_LocalRotation.z
      value: -0
      objectReference: {fileID: 0}
    - target: {fileID: 4742424983612267866, guid: 1efe1ec9de1e36a4c87c5dd85d372ae6, type: 3}
      propertyPath: m_LocalEulerAnglesHint.x
      value: 0
      objectReference: {fileID: 0}
    - target: {fileID: 4742424983612267866, guid: 1efe1ec9de1e36a4c87c5dd85d372ae6, type: 3}
      propertyPath: m_LocalEulerAnglesHint.y
      value: 0
      objectReference: {fileID: 0}
    - target: {fileID: 4742424983612267866, guid: 1efe1ec9de1e36a4c87c5dd85d372ae6, type: 3}
      propertyPath: m_LocalEulerAnglesHint.z
      value: 0
      objectReference: {fileID: 0}
    - target: {fileID: 7057019520123842007, guid: 1efe1ec9de1e36a4c87c5dd85d372ae6, type: 3}
      propertyPath: m_Name
      value: DoorClosedD
      objectReference: {fileID: 0}
    m_RemovedComponents: []
  m_SourcePrefab: {fileID: 100100000, guid: 1efe1ec9de1e36a4c87c5dd85d372ae6, type: 3}
--- !u!114 &8837212118931845636 stripped
MonoBehaviour:
  m_CorrespondingSourceObject: {fileID: 3558689318177725691, guid: 1efe1ec9de1e36a4c87c5dd85d372ae6, type: 3}
  m_PrefabInstance: {fileID: 5460355670144478975}
  m_PrefabAsset: {fileID: 0}
  m_GameObject: {fileID: 0}
  m_Enabled: 1
  m_EditorHideFlags: 0
  m_Script: {fileID: 11500000, guid: 20230f457128d89458e86a3d45381f91, type: 3}
  m_Name: 
  m_EditorClassIdentifier: 
--- !u!4 &727171808232862629 stripped
Transform:
  m_CorrespondingSourceObject: {fileID: 4742424983612267866, guid: 1efe1ec9de1e36a4c87c5dd85d372ae6, type: 3}
  m_PrefabInstance: {fileID: 5460355670144478975}
  m_PrefabAsset: {fileID: 0}
--- !u!1001 &8918789710956073295
PrefabInstance:
  m_ObjectHideFlags: 0
  serializedVersion: 2
  m_Modification:
    m_TransformParent: {fileID: 4904622888411461213}
    m_Modifications:
    - target: {fileID: 91306892473247627, guid: ca09ba6ff16d90942823a73b4b6ee485, type: 3}
      propertyPath: m_RootOrder
      value: 11
      objectReference: {fileID: 0}
    - target: {fileID: 91306892473247627, guid: ca09ba6ff16d90942823a73b4b6ee485, type: 3}
      propertyPath: m_LocalPosition.x
      value: -3.01
      objectReference: {fileID: 0}
    - target: {fileID: 91306892473247627, guid: ca09ba6ff16d90942823a73b4b6ee485, type: 3}
      propertyPath: m_LocalPosition.y
      value: -3.52
      objectReference: {fileID: 0}
    - target: {fileID: 91306892473247627, guid: ca09ba6ff16d90942823a73b4b6ee485, type: 3}
      propertyPath: m_LocalPosition.z
      value: 0
      objectReference: {fileID: 0}
    - target: {fileID: 91306892473247627, guid: ca09ba6ff16d90942823a73b4b6ee485, type: 3}
      propertyPath: m_LocalRotation.w
      value: 1
      objectReference: {fileID: 0}
    - target: {fileID: 91306892473247627, guid: ca09ba6ff16d90942823a73b4b6ee485, type: 3}
      propertyPath: m_LocalRotation.x
      value: -0
      objectReference: {fileID: 0}
    - target: {fileID: 91306892473247627, guid: ca09ba6ff16d90942823a73b4b6ee485, type: 3}
      propertyPath: m_LocalRotation.y
      value: -0
      objectReference: {fileID: 0}
    - target: {fileID: 91306892473247627, guid: ca09ba6ff16d90942823a73b4b6ee485, type: 3}
      propertyPath: m_LocalRotation.z
      value: -0
      objectReference: {fileID: 0}
    - target: {fileID: 91306892473247627, guid: ca09ba6ff16d90942823a73b4b6ee485, type: 3}
      propertyPath: m_LocalEulerAnglesHint.x
      value: 0
      objectReference: {fileID: 0}
    - target: {fileID: 91306892473247627, guid: ca09ba6ff16d90942823a73b4b6ee485, type: 3}
      propertyPath: m_LocalEulerAnglesHint.y
      value: 0
      objectReference: {fileID: 0}
    - target: {fileID: 91306892473247627, guid: ca09ba6ff16d90942823a73b4b6ee485, type: 3}
      propertyPath: m_LocalEulerAnglesHint.z
      value: 0
      objectReference: {fileID: 0}
    - target: {fileID: 7678427520311907201, guid: ca09ba6ff16d90942823a73b4b6ee485, type: 3}
      propertyPath: m_Name
      value: table
      objectReference: {fileID: 0}
    - target: {fileID: 7678427520311907201, guid: ca09ba6ff16d90942823a73b4b6ee485, type: 3}
      propertyPath: m_Layer
      value: 10
      objectReference: {fileID: 0}
    m_RemovedComponents: []
  m_SourcePrefab: {fileID: 100100000, guid: ca09ba6ff16d90942823a73b4b6ee485, type: 3}
--- !u!4 &8827482840227362500 stripped
Transform:
  m_CorrespondingSourceObject: {fileID: 91306892473247627, guid: ca09ba6ff16d90942823a73b4b6ee485, type: 3}
  m_PrefabInstance: {fileID: 8918789710956073295}
  m_PrefabAsset: {fileID: 0}
--- !u!1001 &9052395059063313845
PrefabInstance:
  m_ObjectHideFlags: 0
  serializedVersion: 2
  m_Modification:
    m_TransformParent: {fileID: 4904622888411461213}
    m_Modifications:
    - target: {fileID: 1549563217743176237, guid: bb3a16c8bf216a14bbc91a37834e067b, type: 3}
      propertyPath: m_Name
      value: bedside table
      objectReference: {fileID: 0}
    - target: {fileID: 9134235235897270934, guid: bb3a16c8bf216a14bbc91a37834e067b, type: 3}
      propertyPath: m_RootOrder
      value: 8
      objectReference: {fileID: 0}
    - target: {fileID: 9134235235897270934, guid: bb3a16c8bf216a14bbc91a37834e067b, type: 3}
      propertyPath: m_LocalPosition.x
      value: 1.74
      objectReference: {fileID: 0}
    - target: {fileID: 9134235235897270934, guid: bb3a16c8bf216a14bbc91a37834e067b, type: 3}
      propertyPath: m_LocalPosition.y
      value: 3.67
      objectReference: {fileID: 0}
    - target: {fileID: 9134235235897270934, guid: bb3a16c8bf216a14bbc91a37834e067b, type: 3}
      propertyPath: m_LocalPosition.z
      value: 0
      objectReference: {fileID: 0}
    - target: {fileID: 9134235235897270934, guid: bb3a16c8bf216a14bbc91a37834e067b, type: 3}
      propertyPath: m_LocalRotation.w
      value: 1
      objectReference: {fileID: 0}
    - target: {fileID: 9134235235897270934, guid: bb3a16c8bf216a14bbc91a37834e067b, type: 3}
      propertyPath: m_LocalRotation.x
      value: 0
      objectReference: {fileID: 0}
    - target: {fileID: 9134235235897270934, guid: bb3a16c8bf216a14bbc91a37834e067b, type: 3}
      propertyPath: m_LocalRotation.y
      value: 0
      objectReference: {fileID: 0}
    - target: {fileID: 9134235235897270934, guid: bb3a16c8bf216a14bbc91a37834e067b, type: 3}
      propertyPath: m_LocalRotation.z
      value: 0
      objectReference: {fileID: 0}
    - target: {fileID: 9134235235897270934, guid: bb3a16c8bf216a14bbc91a37834e067b, type: 3}
      propertyPath: m_LocalEulerAnglesHint.x
      value: 0
      objectReference: {fileID: 0}
    - target: {fileID: 9134235235897270934, guid: bb3a16c8bf216a14bbc91a37834e067b, type: 3}
      propertyPath: m_LocalEulerAnglesHint.y
      value: 0
      objectReference: {fileID: 0}
    - target: {fileID: 9134235235897270934, guid: bb3a16c8bf216a14bbc91a37834e067b, type: 3}
      propertyPath: m_LocalEulerAnglesHint.z
      value: 0
      objectReference: {fileID: 0}
    m_RemovedComponents: []
  m_SourcePrefab: {fileID: 100100000, guid: bb3a16c8bf216a14bbc91a37834e067b, type: 3}
--- !u!4 &244254126408152867 stripped
Transform:
  m_CorrespondingSourceObject: {fileID: 9134235235897270934, guid: bb3a16c8bf216a14bbc91a37834e067b, type: 3}
  m_PrefabInstance: {fileID: 9052395059063313845}
  m_PrefabAsset: {fileID: 0}
